date,quarter,year,quarter_num,department,region,revenue,expenses,employees,performance_score,simulated_customers,profit,profit_margin,customer_satisfaction,growth_rate,market_share,roi,expense_efficiency,revenue_per_customer,customer_growth_rate,nps,esg_score,rolling_revenue_avg,rolling_profit_avg,forecasted_revenue,profit_volatility,ytd_revenue,ytd_profit,region_competitiveness_index,profit_rank
2020-01-01,2020-Q1,2020,1,AI,Asia Pacific,28885641.35,14068554.24,33805,95.99,1691727,14817087.11,51.3,72,0.0,13.2,105.32,2.05,17.07,0.0,65,73.48,28885641.35,14817087.11,28885641.35,0.0,28885641.35,14817087.11,42.86,3.0
2020-04-01,2020-Q2,2020,2,AI,Asia Pacific,39908262.74,13124396.81,8238,97.88,353338,26783865.93,67.11,79,38.16,10.38,204.08,3.04,112.95,-79.11,95,94.52,34396952.05,20800476.52,28885641.35,8461790.45,68793904.1,41600953.04,28.57,2.0
2020-07-01,2020-Q3,2020,3,AI,Asia Pacific,53797953.04,24196864.77,13027,87.67,1229604,29601088.27,55.02,94,34.8,15.52,122.33,2.22,43.75,248.0,94,71.45,40863952.38,23734013.77,34396952.05,7849705.17,122591857.13,71202041.31,28.57,2.0
2020-10-01,2020-Q4,2020,4,AI,Asia Pacific,75840696.26,45843364.1,15423,74.74,241338,29997332.16,39.55,99,40.97,17.56,65.43,1.65,314.25,-80.37,69,82.69,49608138.35,25299843.37,40863952.38,7133433.26,198432553.39,101199373.46,71.43,5.0
2021-01-01,2021-Q1,2021,1,AI,Asia Pacific,20004798.09,7911583.55,34456,72.93,1489767,12093214.54,60.45,74,-73.62,5.58,152.85,2.53,13.43,517.29,67,75.84,47387927.53,24618875.22,49608138.35,8472103.36,20004798.09,12093214.54,42.86,3.0
2021-04-01,2021-Q2,2021,2,AI,Asia Pacific,26324095.77,9296856.85,8699,97.71,1521983,17027238.91,64.68,82,31.59,7.51,183.15,2.83,17.3,2.16,20,71.1,43991885.79,22179718.47,47387927.53,9027318.18,46328893.86,29120453.45,14.29,1.0
2021-07-01,2021-Q3,2021,3,AI,Asia Pacific,69979207.64,32524340.93,42160,94.08,1736869,37454866.71,53.52,95,165.84,20.3,115.16,2.15,40.29,14.12,51,64.18,48037199.44,24143163.08,43991885.79,11652043.96,116308101.5,66575320.16,71.43,5.0
2021-10-01,2021-Q4,2021,4,AI,Asia Pacific,86744926.9,54130735.3,28417,86.62,537239,32614191.6,37.6,76,23.96,17.01,60.25,1.6,161.46,-69.07,2,62.12,50763257.1,24797377.94,48037199.44,12152989.01,203053028.4,99189511.76,85.71,6.0
2022-01-01,2022-Q1,2022,1,AI,Asia Pacific,57204847.25,29574295.04,40332,84.09,827933,27630552.21,48.3,89,-34.05,14.69,93.43,1.93,69.09,54.11,69,70.07,60063269.39,28681712.36,50763257.1,8743842.01,57204847.25,27630552.21,42.86,3.0
2022-04-01,2022-Q2,2022,2,AI,Asia Pacific,45043695.37,26335406.59,47941,94.12,1848283,18708288.79,41.53,73,-21.26,11.89,71.04,1.71,24.37,123.24,53,76.14,64743169.29,29101974.83,60063269.39,8006253.05,102248542.62,46338840.99,71.43,5.0
2022-07-01,2022-Q3,2022,3,AI,Asia Pacific,84802677.54,40638929.66,16918,99.39,1930621,44163747.88,52.08,85,88.27,19.65,108.67,2.09,43.93,4.45,17,85.14,68449036.77,30779195.12,64743169.29,10616562.48,187051220.16,90502588.88,57.14,4.0
2022-10-01,2022-Q4,2022,4,AI,Asia Pacific,45812359.63,19747195.41,15924,78.87,520333,26065164.22,56.9,88,-45.98,12.34,131.99,2.32,88.04,-73.05,79,67.18,58215894.95,29141938.27,68449036.77,10743472.93,232863579.79,116567753.1,28.57,2.0
2023-01-01,2023-Q1,2023,1,AI,Asia Pacific,27867391.6,12477105.54,48293,87.56,512997,15390286.06,55.23,81,-39.17,7.7,123.35,2.23,54.32,-1.41,72,89.08,50881531.04,26081871.74,58215894.95,12853459.38,27867391.6,15390286.06,57.14,4.0
2023-04-01,2023-Q2,2023,2,AI,Asia Pacific,79303320.25,39430723.3,46749,96.32,395364,39872596.95,50.28,72,184.57,19.53,101.12,2.01,200.58,-22.93,2,98.58,59446437.26,31372948.78,50881531.04,13158858.17,107170711.85,55262883.0,71.43,5.0
2023-07-01,2023-Q3,2023,3,AI,Asia Pacific,61062621.54,41160072.67,5444,90.56,1013546,19902548.87,32.59,99,-23.0,13.13,48.35,1.48,60.25,156.36,83,65.74,53511423.26,25307649.02,59446437.26,10650207.09,168233333.39,75165431.87,85.71,6.0
2023-10-01,2023-Q4,2023,4,AI,Asia Pacific,39573977.11,23402260.45,11310,84.1,318588,16171716.66,40.86,71,-35.19,9.4,69.1,1.69,124.22,-68.57,53,99.22,51951827.63,22834287.13,53511423.26,11528256.41,207807310.51,91337148.53,85.71,6.0
2024-01-01,2024-Q1,2024,1,AI,Asia Pacific,54354779.77,29644445.3,19242,82.74,1041010,24710334.46,45.46,75,37.35,14.03,83.36,1.83,52.21,226.76,15,69.46,58573674.67,25164299.23,51951827.63,10409813.7,54354779.77,24710334.46,57.14,4.0
2024-04-01,2024-Q2,2024,2,AI,Asia Pacific,73380697.55,40532711.86,21429,94.27,1464116,32847985.7,44.76,86,35.0,14.29,81.04,1.81,50.12,40.64,22,66.08,57093018.99,23408146.42,58573674.67,7198643.14,127735477.32,57558320.16,85.71,6.0
2024-07-01,2024-Q3,2024,3,AI,Asia Pacific,50909030.22,17670446.34,25278,98.65,1031597,33238583.88,65.29,76,-30.62,11.66,188.1,2.88,49.35,-29.54,97,87.86,54554621.16,26742155.18,57093018.99,8069432.41,178644507.54,90796904.04,14.29,1.0
2024-10-01,2024-Q4,2024,4,AI,Asia Pacific,43643275.74,18913220.46,8960,98.22,680634,24730055.28,56.66,72,-14.27,10.1,130.76,2.31,64.12,-34.02,77,68.72,55571945.82,28881739.83,54554621.16,4807990.01,222287783.28,115526959.32,42.86,3.0
2020-01-01,2020-Q1,2020,1,Android,Asia Pacific,36619557.86,18041937.08,31906,90.18,1228585,18577620.78,50.73,73,0.0,16.74,102.97,2.03,29.81,0.0,81,74.33,36619557.86,18577620.78,36619557.86,0.0,36619557.86,18577620.78,57.14,4.0
2020-04-01,2020-Q2,2020,2,Android,Asia Pacific,27864871.71,9015514.12,11525,76.8,787478,18849357.59,67.65,89,-23.91,7.25,209.08,3.09,35.38,-35.9,33,89.5,32242214.78,18713489.18,36619557.86,192146.95,64484429.57,37426978.37,14.29,1.0
2020-07-01,2020-Q3,2020,3,Android,Asia Pacific,40900094.94,26690346.62,45502,72.97,1624102,14209748.32,34.74,91,46.78,11.8,53.24,1.53,25.18,106.24,12,83.66,35128174.84,17212242.23,32242214.78,2603783.3,105384524.51,51636726.69,100.0,7.0
2020-10-01,2020-Q4,2020,4,Android,Asia Pacific,74090920.04,41086558.19,7315,96.61,1629807,33004361.85,44.55,92,81.15,17.16,80.33,1.8,45.46,0.35,89,82.17,44868861.14,21160272.13,35128174.84,8177258.23,179475444.55,84641088.54,42.86,3.0
2021-01-01,2021-Q1,2021,1,Android,Asia Pacific,65994625.76,25546568.28,20325,75.63,1680568,40448057.48,61.29,79,-10.93,18.41,158.33,2.58,39.27,3.11,34,93.36,52212628.11,26627881.31,44868861.14,12197981.14,65994625.76,40448057.48,28.57,2.0
2021-04-01,2021-Q2,2021,2,Android,Asia Pacific,27516312.69,15244815.45,8784,70.5,566066,12271497.25,44.6,98,-58.31,7.85,80.5,1.8,48.61,-66.32,89,94.42,52125488.36,24983416.22,52212628.11,13918279.37,93510938.45,52719554.73,85.71,6.0
2021-07-01,2021-Q3,2021,3,Android,Asia Pacific,83237659.35,25469698.01,29141,93.31,452561,57767961.34,69.4,98,202.5,24.15,226.81,3.27,183.93,-20.05,30,62.46,62709879.46,35872969.48,52125488.36,18846577.94,176748597.8,110487516.06,14.29,1.0
2021-10-01,2021-Q4,2021,4,Android,Asia Pacific,64495756.48,36236872.83,33149,81.49,1723748,28258883.65,43.82,97,-22.52,12.65,77.98,1.78,37.42,280.89,7,97.71,60311088.57,34686599.93,62709879.46,19232749.87,241244354.28,138746399.71,42.86,3.0
2022-01-01,2022-Q1,2022,1,Android,Asia Pacific,65247295.05,33395939.26,47207,75.46,139838,31851355.78,48.82,80,1.17,16.76,95.37,1.95,466.59,-91.89,59,69.54,60124255.89,32537424.5,60311088.57,18850856.73,65247295.05,31851355.78,28.57,2.0
2022-04-01,2022-Q2,2022,2,Android,Asia Pacific,68883773.07,25371498.96,10838,96.22,903293,43512274.11,63.17,75,5.57,18.18,171.5,2.72,76.26,545.96,9,86.54,70466120.99,40347618.72,60124255.89,13314245.25,134131068.12,75363629.89,28.57,2.0
2022-07-01,2022-Q3,2022,3,Android,Asia Pacific,45915029.88,27362456.38,33778,87.83,1702184,18552573.5,40.41,98,-33.34,10.64,67.8,1.68,26.97,88.44,38,75.06,61135463.62,30543771.76,70466120.99,10310211.42,180046098.0,93916203.39,85.71,6.0
2022-10-01,2022-Q4,2022,4,Android,Asia Pacific,26926220.52,8094145.97,10702,97.6,550108,18832074.55,69.94,91,-41.36,7.25,232.66,3.33,48.95,-67.68,39,83.65,51743079.63,28187069.49,61135463.62,11953079.57,206972318.51,112748277.95,14.29,1.0
2023-01-01,2023-Q1,2023,1,Android,Asia Pacific,70515453.81,37845933.69,18693,85.93,1991935,32669520.12,46.33,76,161.88,19.48,86.32,1.86,35.4,262.1,22,63.31,53060119.32,28391610.57,51743079.63,12043343.33,70515453.81,32669520.12,85.71,6.0
2023-04-01,2023-Q2,2023,2,Android,Asia Pacific,76568479.53,42314236.89,26773,76.39,1142964,34254242.64,44.74,90,8.58,18.86,80.95,1.81,66.99,-42.62,97,73.47,54981295.93,26077102.7,53060119.32,8552476.4,147083933.34,66923762.76,85.71,6.0
2023-07-01,2023-Q3,2023,3,Android,Asia Pacific,87952308.39,60040150.85,41829,82.46,210391,27912157.54,31.74,81,14.87,18.91,46.49,1.46,418.04,-81.59,55,94.76,65490615.56,28416998.71,54981295.93,6935007.59,235036241.73,94835920.3,100.0,7.0
2023-10-01,2023-Q4,2023,4,Android,Asia Pacific,94185841.83,40126875.83,49703,97.17,385991,54058966.0,57.4,85,7.09,22.36,134.72,2.35,244.01,83.46,56,67.34,82305520.89,37223721.57,65490615.56,11542519.01,329222083.56,148894886.3,42.86,3.0
2024-01-01,2024-Q1,2024,1,Android,Asia Pacific,58637128.23,38389832.56,29548,94.11,1311791,20247295.67,34.53,71,-37.74,15.14,52.74,1.53,44.7,239.85,91,99.43,79335939.5,34118165.46,82305520.89,14474916.31,58637128.23,20247295.67,100.0,7.0
2024-04-01,2024-Q2,2024,2,Android,Asia Pacific,50383398.77,17422895.81,38522,72.94,474299,32960502.96,65.42,94,-14.08,9.81,189.18,2.89,106.23,-63.84,5,65.62,72789669.3,33794730.54,79335939.5,14485312.46,109020527.0,53207798.63,14.29,1.0
2024-07-01,2024-Q3,2024,3,Android,Asia Pacific,54700861.33,25645916.55,8863,98.72,390576,29054944.77,53.12,90,8.57,12.53,113.29,2.13,140.05,-17.65,39,79.44,64476807.54,34080427.35,72789669.3,14341167.37,163721388.32,82262743.4,85.71,6.0
2024-10-01,2024-Q4,2024,4,Android,Asia Pacific,27978937.72,9849441.27,37116,87.48,1169118,18129496.45,64.8,81,-48.85,6.47,184.07,2.84,23.93,199.33,96,74.93,47925081.51,25098059.96,64476807.54,7060824.76,191700326.04,100392239.85,28.57,2.0
2020-01-01,2020-Q1,2020,1,Cloud,Asia Pacific,25876880.51,17040235.87,27979,86.93,585757,8836644.63,34.15,73,0.0,11.83,51.86,1.52,44.18,0.0,18,82.29,25876880.51,8836644.63,25876880.51,0.0,25876880.51,8836644.63,100.0,7.0
2020-04-01,2020-Q2,2020,2,Cloud,Asia Pacific,68415237.86,24385208.61,44615,88.69,1167880,44030029.25,64.36,85,164.39,17.79,180.56,2.81,58.58,99.38,59,78.12,47146059.18,26433336.94,25876880.51,24885480.91,94292118.37,52866673.88,42.86,3.0
2020-07-01,2020-Q3,2020,3,Cloud,Asia Pacific,35202524.0,20051064.92,36726,81.77,1621596,15151459.09,43.04,80,-48.55,10.16,75.56,1.76,21.71,38.85,54,90.67,43164880.79,22672710.99,47146059.18,18763541.85,129494642.37,68018132.97,42.86,3.0
2020-10-01,2020-Q4,2020,4,Cloud,Asia Pacific,89532372.24,56924803.07,40464,77.73,1217026,32607569.17,36.42,99,154.34,20.74,57.28,1.57,73.57,-24.95,92,85.73,54756753.65,25156425.54,43164880.79,16105558.68,219027014.62,100625702.14,85.71,6.0
2021-01-01,2021-Q1,2021,1,Cloud,Asia Pacific,50718678.8,31693485.86,35427,83.46,1232819,19025192.93,37.51,90,-43.35,14.15,60.03,1.6,41.14,1.3,50,64.08,60967203.23,27703562.61,54756753.65,13209494.01,50718678.8,19025192.93,85.71,6.0
2021-04-01,2021-Q2,2021,2,Cloud,Asia Pacific,44082117.07,15720148.34,19330,78.82,1980626,28361968.73,64.34,100,-13.09,12.58,180.42,2.8,22.26,60.66,47,74.8,54883923.03,23786547.48,60967203.23,8082494.5,94800795.86,47387161.66,28.57,2.0
2021-07-01,2021-Q3,2021,3,Cloud,Asia Pacific,26452854.75,9039782.86,11271,74.09,1339965,17413071.89,65.83,91,-39.99,7.68,192.63,2.93,19.74,-32.35,3,78.18,52696505.72,24351950.68,54883923.03,7320242.9,121253650.62,64800233.56,28.57,2.0
2021-10-01,2021-Q4,2021,4,Cloud,Asia Pacific,88545354.16,50516225.35,37624,90.98,504861,38029128.81,42.95,84,234.73,17.36,75.28,1.75,175.39,-62.32,47,88.86,52449751.19,25707340.59,52696505.72,9527495.4,209799004.78,102829362.36,71.43,5.0
2022-01-01,2022-Q1,2022,1,Cloud,Asia Pacific,29625256.94,17334715.91,20086,94.56,1309707,12290541.03,41.49,92,-66.54,7.61,70.9,1.71,22.62,159.42,24,91.86,47176395.73,24023677.61,52449751.19,11494056.94,29625256.94,12290541.03,85.71,6.0
2022-04-01,2022-Q2,2022,2,Cloud,Asia Pacific,61651345.65,19666367.81,32771,97.39,677870,41984977.84,68.1,85,108.1,16.27,213.49,3.13,90.95,-48.24,58,66.57,51568702.87,27429429.89,47176395.73,14761785.99,91276602.58,54275518.87,14.29,1.0
2022-07-01,2022-Q3,2022,3,Cloud,Asia Pacific,45401937.16,15424420.64,31474,98.44,1618328,29977516.52,66.03,95,-26.36,10.52,194.35,2.94,28.05,138.74,47,72.59,56305973.48,30570541.05,51568702.87,13171053.84,136678539.74,84253035.39,28.57,2.0
2022-10-01,2022-Q4,2022,4,Cloud,Asia Pacific,32625448.92,17021684.92,5544,89.98,1926252,15603764.01,47.83,99,-28.14,8.79,91.67,1.92,16.94,19.03,72,93.97,42325997.17,24964199.85,56305973.48,13700116.96,169303988.66,99856799.4,57.14,4.0
2023-01-01,2023-Q1,2023,1,Cloud,Asia Pacific,37153706.29,19138394.12,20607,80.14,743558,18015312.18,48.49,92,13.88,10.27,94.13,1.94,49.97,-61.4,16,67.13,44208109.51,26395392.64,42325997.17,12145668.3,37153706.29,18015312.18,71.43,5.0
2023-04-01,2023-Q2,2023,2,Cloud,Asia Pacific,30222697.27,9832999.25,27443,91.57,1890309,20389698.02,67.46,75,-18.65,7.44,207.36,3.07,15.99,154.22,61,81.78,36350947.41,20996572.68,44208109.51,6298040.67,67376403.56,38405010.19,14.29,1.0
2023-07-01,2023-Q3,2023,3,Cloud,Asia Pacific,80102162.04,42257192.14,18769,93.75,1237717,37844969.89,47.25,88,165.04,17.23,89.56,1.9,64.72,-34.52,35,94.38,45026003.63,22963436.02,36350947.41,10111592.02,147478565.6,76249980.09,57.14,4.0
2023-10-01,2023-Q4,2023,4,Cloud,Asia Pacific,86779458.61,56940512.55,13544,74.67,1461256,29838946.06,34.38,92,8.34,20.61,52.4,1.52,59.39,18.06,68,65.49,58564506.05,26522231.54,45026003.63,9113737.68,234258024.21,106088926.15,100.0,7.0
2024-01-01,2024-Q1,2024,1,Cloud,Asia Pacific,52374845.36,16110364.56,8026,77.07,757204,36264480.81,69.24,80,-39.65,13.52,225.1,3.25,69.17,-48.18,63,92.83,62369790.82,31084523.69,58564506.05,7926040.38,52374845.36,36264480.81,14.29,1.0
2024-04-01,2024-Q2,2024,2,Cloud,Asia Pacific,87967540.55,40927299.77,5899,77.87,1986818,47040240.78,53.47,94,67.96,17.13,114.94,2.15,44.28,162.39,7,83.57,76806001.64,37747159.38,62369790.82,7097161.46,140342385.91,83304721.58,71.43,5.0
2024-07-01,2024-Q3,2024,3,Cloud,Asia Pacific,65339883.06,27370410.0,36033,93.23,1164889,37969473.06,58.11,95,-25.72,14.97,138.72,2.39,56.09,-41.37,91,75.64,73115431.9,37778285.18,76806001.64,7098006.38,205682268.97,121274194.64,42.86,3.0
2024-10-01,2024-Q4,2024,4,Cloud,Asia Pacific,39105077.23,13180407.51,30955,87.88,1783752,25924669.72,66.29,71,-40.15,9.05,196.69,2.97,21.92,53.13,72,69.95,61196836.55,36799716.09,73115431.9,8656207.55,244787346.21,147198864.36,14.29,1.0
2020-01-01,2020-Q1,2020,1,Hardware,Asia Pacific,24506761.58,14464636.7,14894,77.93,1472256,10042124.87,40.98,84,0.0,11.2,69.43,1.69,16.65,0.0,38,99.88,24506761.58,10042124.87,24506761.58,0.0,24506761.58,10042124.87,71.43,5.0
2020-04-01,2020-Q2,2020,2,Hardware,Asia Pacific,76198062.93,47716599.52,7309,98.92,1694743,28481463.41,37.38,75,210.93,19.82,59.69,1.6,44.96,15.11,84,63.1,50352412.25,19261794.14,24506761.58,13038581.32,100704824.51,38523588.29,85.71,6.0
2020-07-01,2020-Q3,2020,3,Hardware,Asia Pacific,60788877.96,25058120.97,12168,86.1,878384,35730757.0,58.78,72,-20.22,17.54,142.59,2.43,69.21,-48.17,32,97.12,53831234.16,24751448.43,50352412.25,13244289.86,161493702.47,74254345.28,14.29,1.0
2020-10-01,2020-Q4,2020,4,Hardware,Asia Pacific,70597844.39,32517047.3,31205,75.24,1069964,38080797.09,53.94,71,16.14,16.35,117.11,2.17,65.98,21.81,7,94.89,58022886.71,28083785.59,53831234.16,12702704.17,232091546.86,112335142.37,28.57,2.0
2021-01-01,2021-Q1,2021,1,Hardware,Asia Pacific,53779044.49,31141623.48,40357,86.29,964474,22637421.0,42.09,96,-23.82,15.0,72.69,1.73,55.76,-9.86,46,93.1,65340957.44,31232609.62,58022886.71,7037449.21,53779044.49,22637421.0,57.14,4.0
2021-04-01,2021-Q2,2021,2,Hardware,Asia Pacific,73808634.48,46946040.81,18922,89.49,1883383,26862593.68,36.39,94,37.24,21.06,57.22,1.57,39.19,95.28,53,69.68,64743600.33,30827892.19,65340957.44,7290407.47,127587678.97,49500014.68,100.0,7.0
2021-07-01,2021-Q3,2021,3,Hardware,Asia Pacific,68742412.72,27079447.82,7423,85.84,779371,41662964.91,60.61,80,-6.86,19.95,153.85,2.54,88.2,-58.62,34,62.64,66731984.02,32310944.17,64743600.33,9018741.01,196330091.69,91162979.59,57.14,4.0
2021-10-01,2021-Q4,2021,4,Hardware,Asia Pacific,54153339.39,23983094.69,47484,89.19,124317,30170244.7,55.71,80,-21.22,10.62,125.8,2.26,435.61,-84.05,14,65.76,62620857.77,30333306.07,66731984.02,8158027.74,250483431.09,121333224.29,14.29,1.0
2022-01-01,2022-Q1,2022,1,Hardware,Asia Pacific,56666877.67,19466838.09,35928,82.18,1669044,37200039.57,65.65,92,4.64,14.55,191.09,2.91,33.95,1242.57,18,94.55,63342816.07,33973960.72,62620857.77,6697466.36,56666877.67,37200039.57,14.29,1.0
2022-04-01,2022-Q2,2022,2,Hardware,Asia Pacific,37464776.87,24894194.75,19371,88.07,130840,12570582.12,33.55,73,-33.89,9.89,50.5,1.5,286.34,-92.16,15,80.74,54256851.66,30400957.83,63342816.07,12793694.31,94131654.53,49770621.69,100.0,7.0
2022-07-01,2022-Q3,2022,3,Hardware,Asia Pacific,42142320.19,23351596.29,31984,79.71,1848277,18790723.9,44.59,85,12.49,9.77,80.47,1.8,22.8,1312.62,49,60.87,47606828.53,24682897.57,54256851.66,11078744.19,136273974.73,68561345.59,71.43,5.0
2022-10-01,2022-Q4,2022,4,Hardware,Asia Pacific,89739042.25,50688058.25,34574,77.83,918391,39050983.99,43.52,81,112.94,24.17,77.04,1.77,97.71,-50.31,97,98.05,56503254.24,26903082.4,47606828.53,13226611.62,226013016.97,107612329.58,71.43,5.0
2023-01-01,2023-Q1,2023,1,Hardware,Asia Pacific,54450135.62,19213575.12,24310,81.09,480821,35236560.5,64.71,78,-39.32,15.04,183.39,2.83,113.24,-47.65,67,66.66,55949068.73,26412212.63,56503254.24,12744743.79,54450135.62,35236560.5,28.57,2.0
2023-04-01,2023-Q2,2023,2,Hardware,Asia Pacific,33839150.41,15420294.47,20108,97.93,667332,18418855.94,54.43,88,-37.85,8.33,119.45,2.19,50.71,38.79,64,67.93,55042662.12,27874281.08,55949068.73,10817238.12,88289286.03,53655416.44,57.14,4.0
2023-07-01,2023-Q3,2023,3,Hardware,Asia Pacific,86961184.85,40852965.57,46384,80.32,480760,46108219.28,53.02,78,156.98,18.7,112.86,2.13,180.88,-27.96,48,68.87,66247378.28,34703654.93,55042662.12,11753609.72,175250470.88,99763635.72,28.57,2.0
2023-10-01,2023-Q4,2023,4,Hardware,Asia Pacific,40245904.82,19637534.28,13364,76.81,1625087,20608370.54,51.21,84,-53.72,9.56,104.94,2.05,24.77,238.02,78,80.78,53874093.92,30093001.57,66247378.28,13028012.11,215496375.7,120372006.26,71.43,5.0
2024-01-01,2024-Q1,2024,1,Hardware,Asia Pacific,28592260.78,11775948.49,40827,89.59,1744741,16816312.29,58.81,98,-28.96,7.38,142.8,2.43,16.39,7.36,27,65.69,47409625.22,25487939.51,53874093.92,13834440.02,28592260.78,16816312.29,28.57,2.0
2024-04-01,2024-Q2,2024,2,Hardware,Asia Pacific,77614719.37,28925844.89,44779,75.06,669092,48688874.49,62.73,95,171.45,15.11,168.32,2.68,116.0,-61.65,94,74.26,58353517.46,33055444.15,47409625.22,16667514.59,106206980.15,65505186.77,28.57,2.0
2024-07-01,2024-Q3,2024,3,Hardware,Asia Pacific,81343046.98,47744802.03,16077,96.3,850623,33598244.95,41.3,74,4.8,18.64,70.37,1.7,95.63,27.13,43,76.81,56948982.99,29927950.57,58353517.46,14424665.88,187550027.14,99103431.73,100.0,7.0
2024-10-01,2024-Q4,2024,4,Hardware,Asia Pacific,97246880.27,59033009.34,8007,73.48,859440,38213870.93,39.3,85,19.55,22.5,64.73,1.65,113.15,1.04,87,77.96,71199226.85,34329325.66,56948982.99,13273111.3,284796907.4,137317302.65,85.71,6.0
2020-01-01,2020-Q1,2020,1,Maps,Asia Pacific,35336333.4,12061070.42,49352,92.42,414555,23275262.98,65.87,94,0.0,16.15,192.98,2.93,85.24,0.0,49,68.52,35336333.4,23275262.98,35336333.4,0.0,35336333.4,23275262.98,14.29,1.0
2020-04-01,2020-Q2,2020,2,Maps,Asia Pacific,65828035.95,24894635.15,5271,85.51,162054,40933400.8,62.18,88,86.29,17.12,164.43,2.64,406.21,-60.91,2,71.95,50582184.68,32104331.89,35336333.4,12486189.0,101164369.35,64208663.78,57.14,4.0
2020-07-01,2020-Q3,2020,3,Maps,Asia Pacific,49374364.74,28595178.59,46658,78.66,565221,20779186.15,42.08,87,-24.99,14.24,72.67,1.73,87.35,248.79,82,92.11,50179578.03,28329283.31,50582184.68,10986602.44,150538734.09,84987849.93,57.14,4.0
2020-10-01,2020-Q4,2020,4,Maps,Asia Pacific,37849819.86,24080491.17,47703,83.66,1469044,13769328.69,36.38,81,-23.34,8.77,57.18,1.57,25.76,159.91,60,98.21,47097138.49,24689294.65,50179578.03,11552850.66,188388553.95,98757178.62,100.0,7.0
2021-01-01,2021-Q1,2021,1,Maps,Asia Pacific,49815051.09,32551996.19,46131,77.62,1955862,17263054.9,34.65,72,31.61,13.9,53.03,1.53,25.47,33.14,17,83.51,50716817.91,23186242.63,47097138.49,12172619.07,49815051.09,17263054.9,100.0,7.0
2021-04-01,2021-Q2,2021,2,Maps,Asia Pacific,52085485.87,24656677.18,21215,96.62,1491043,27428808.69,52.66,83,4.56,14.86,111.24,2.11,34.93,-23.77,82,81.94,47281180.39,19810094.61,50716817.91,5829871.55,101900536.95,44691863.59,57.14,4.0
2021-07-01,2021-Q3,2021,3,Maps,Asia Pacific,33207630.37,19170140.63,21748,70.57,1488130,14037489.74,42.27,93,-36.24,9.64,73.23,1.73,22.32,-0.2,30,64.68,43239496.8,18124670.51,47281180.39,6402692.6,135108167.33,58729353.33,100.0,7.0
2021-10-01,2021-Q4,2021,4,Maps,Asia Pacific,97028885.06,55354842.89,49209,73.67,297247,41674042.17,42.95,78,192.19,19.03,75.29,1.75,326.43,-80.03,74,86.2,58034263.1,25100848.87,43239496.8,12435420.68,232137052.39,100403395.5,57.14,4.0
2022-01-01,2022-Q1,2022,1,Maps,Asia Pacific,63667643.76,35032949.93,44224,93.04,1928075,28634693.83,44.98,80,-34.38,16.35,81.74,1.82,33.02,548.64,31,67.55,61497411.26,27943758.61,58034263.1,11293767.68,63667643.76,28634693.83,71.43,5.0
2022-04-01,2022-Q2,2022,2,Maps,Asia Pacific,33444602.2,13119654.04,49151,92.16,596030,20324948.15,60.77,78,-47.47,8.83,154.92,2.55,56.11,-69.09,96,86.91,56837190.35,26167793.47,61497411.26,11941698.04,97112245.95,48959641.98,57.14,4.0
2022-07-01,2022-Q3,2022,3,Maps,Asia Pacific,60664778.12,19877582.73,47875,94.62,533763,40787195.38,67.23,73,81.39,14.06,205.19,3.05,113.65,-10.45,42,92.97,63701477.28,32855219.88,56837190.35,10255216.75,157777024.07,89746837.36,14.29,1.0
2022-10-01,2022-Q4,2022,4,Maps,Asia Pacific,60500524.53,30189357.75,22101,95.66,1853761,30311166.78,50.1,75,-0.27,16.3,100.4,2.0,32.64,247.3,81,80.33,54569387.15,30014501.04,63701477.28,8404963.95,218277548.59,120058004.14,42.86,3.0
2023-01-01,2023-Q1,2023,1,Maps,Asia Pacific,51967684.42,20600312.48,48397,84.47,1427729,31367371.94,60.36,74,-14.1,14.36,152.27,2.52,36.4,-22.98,47,88.61,51644397.31,30697670.56,54569387.15,8366396.41,51967684.42,31367371.94,42.86,3.0
2023-04-01,2023-Q2,2023,2,Maps,Asia Pacific,69413128.62,41282418.11,45305,85.24,448828,28130710.51,40.53,90,33.57,17.1,68.14,1.68,154.65,-68.56,17,94.88,60636528.92,32649111.15,51644397.31,5590265.31,121380813.04,59498082.45,100.0,7.0
2023-07-01,2023-Q3,2023,3,Maps,Asia Pacific,76931050.31,40180722.46,20948,79.11,1421067,36750327.85,47.77,93,10.83,16.54,91.46,1.91,54.14,216.62,50,91.56,64703096.97,31639894.27,60636528.92,3663818.01,198311863.34,96248410.3,42.86,3.0
2023-10-01,2023-Q4,2023,4,Maps,Asia Pacific,37194770.53,13321232.47,19160,76.95,1329831,23873538.06,64.19,87,-51.65,8.83,179.21,2.79,27.97,-6.42,16,68.68,58876658.47,30030487.09,64703096.97,5430183.95,235506633.88,120121948.36,28.57,2.0
2024-01-01,2024-Q1,2024,1,Maps,Asia Pacific,80168696.38,47837248.06,49199,78.4,198687,32331448.33,40.33,98,115.54,20.7,67.59,1.68,403.49,-85.06,36,64.05,65926911.46,30271506.19,58876658.47,5529782.82,80168696.38,32331448.33,71.43,5.0
2024-04-01,2024-Q2,2024,2,Maps,Asia Pacific,50054408.5,30272117.66,10432,77.21,1845967,19782290.84,39.52,82,-37.56,9.75,65.35,1.65,27.12,829.08,54,94.38,61087231.43,28184401.27,65926911.46,7740630.87,130223104.88,52113739.16,100.0,7.0
2024-07-01,2024-Q3,2024,3,Maps,Asia Pacific,29690173.44,10394465.61,36396,75.23,1181408,19295707.83,64.99,81,-40.68,6.8,185.63,2.86,25.13,-36.0,83,62.25,49277012.21,23820746.27,61087231.43,6033791.83,159913278.32,71409447.0,28.57,2.0
2024-10-01,2024-Q4,2024,4,Maps,Asia Pacific,60077662.35,40853803.37,16757,86.76,954660,19223858.98,32.0,73,102.35,13.9,47.06,1.47,62.93,-19.19,10,85.08,54997735.17,22658326.5,49277012.21,6453516.83,219990940.67,90633305.98,100.0,7.0
2020-01-01,2020-Q1,2020,1,Search,Asia Pacific,32769883.4,13386563.56,49633,81.8,329808,19383319.84,59.15,98,0.0,14.98,144.8,2.45,99.36,0.0,90,68.78,32769883.4,19383319.84,32769883.4,0.0,32769883.4,19383319.84,28.57,2.0
2020-04-01,2020-Q2,2020,2,Search,Asia Pacific,58594486.87,40499678.16,12837,88.61,628344,18094808.71,30.88,81,78.81,15.24,44.68,1.45,93.25,90.52,35,71.35,45682185.14,18739064.28,32769883.4,911114.96,91364370.27,37478128.55,100.0,7.0
2020-07-01,2020-Q3,2020,3,Search,Asia Pacific,61573983.87,37551087.71,6098,82.54,747012,24022896.16,39.01,96,5.08,17.76,63.97,1.64,82.43,18.89,61,66.15,50979451.38,20500341.57,45682185.14,3117909.29,152938354.15,61501024.72,71.43,5.0
2020-10-01,2020-Q4,2020,4,Search,Asia Pacific,24614921.11,7571752.38,44399,76.41,1202854,17043168.72,69.24,77,-60.02,5.7,225.09,3.25,20.46,61.02,39,70.07,44388318.81,19636048.36,50979451.38,3077160.48,177553275.26,78544193.44,14.29,1.0
2021-01-01,2021-Q1,2021,1,Search,Asia Pacific,61630884.91,37058923.71,32012,97.96,1359786,24571961.2,39.87,73,150.38,17.19,66.31,1.66,45.32,13.05,64,81.25,51603569.19,20933208.7,44388318.81,3914741.96,61630884.91,24571961.2,71.43,5.0
2021-04-01,2021-Q2,2021,2,Search,Asia Pacific,53000494.99,26001988.65,20355,89.99,509421,26998506.34,50.94,100,-14.0,15.12,103.83,2.04,104.04,-62.54,26,98.87,50205071.22,23159133.11,51603569.19,4277381.48,114631379.91,51570467.54,71.43,5.0
2021-07-01,2021-Q3,2021,3,Search,Asia Pacific,35199600.17,19556015.34,11440,95.97,1060025,15643584.83,44.44,97,-33.59,10.21,79.99,1.8,33.21,108.08,62,69.83,43611475.3,21064305.27,50205071.22,5569923.45,149830980.08,67214052.37,85.71,6.0
2021-10-01,2021-Q4,2021,4,Search,Asia Pacific,60918518.29,41446295.9,40193,86.18,335916,19472222.39,31.96,70,73.07,11.95,46.98,1.47,181.35,-68.31,75,73.19,52687374.59,21671568.69,43611475.3,5097785.63,210749498.37,86686274.76,100.0,7.0
2022-01-01,2022-Q1,2022,1,Search,Asia Pacific,68558940.36,45588013.65,43684,70.37,1518527,22970926.71,33.51,73,12.54,17.61,50.39,1.5,45.15,352.06,20,99.42,54419388.45,21271310.07,52687374.59,4851030.19,68558940.36,22970926.71,100.0,7.0
2022-04-01,2022-Q2,2022,2,Search,Asia Pacific,79842343.39,51517599.65,27801,97.01,380011,28324743.74,35.48,73,16.46,21.07,54.98,1.55,210.11,-74.98,97,87.72,61129850.55,21602869.42,54419388.45,5388503.34,148401283.74,51295670.45,85.71,6.0
2022-07-01,2022-Q3,2022,3,Search,Asia Pacific,65166592.48,29530075.62,31317,79.95,1720193,35636516.86,54.69,93,-18.38,15.1,120.68,2.21,37.88,352.67,12,74.55,68621598.63,26601102.42,61129850.55,7038199.57,213567876.22,86932187.3,42.86,3.0
2022-10-01,2022-Q4,2022,4,Search,Asia Pacific,60804043.15,34915698.75,33554,95.37,1803760,25888344.4,42.58,77,-6.69,16.38,74.15,1.74,33.71,4.86,84,76.35,68592979.84,28205132.93,68621598.63,5416154.78,274371919.37,112820531.7,85.71,6.0
2023-01-01,2023-Q1,2023,1,Search,Asia Pacific,52104845.29,35610710.55,33768,94.33,1518582,16494134.74,31.66,75,-14.31,14.4,46.32,1.46,34.31,-15.81,100,67.22,64479456.08,26585934.93,68592979.84,7900792.22,52104845.29,16494134.74,100.0,7.0
2023-04-01,2023-Q2,2023,2,Search,Asia Pacific,47626436.28,19324529.7,43674,85.39,1530515,28301906.58,59.42,73,-8.59,11.73,146.46,2.46,31.12,0.79,4,63.88,56425479.3,26580225.64,64479456.08,7899124.95,99731281.58,44796041.32,42.86,3.0
2023-07-01,2023-Q3,2023,3,Search,Asia Pacific,25255432.79,9341509.72,16478,85.56,963948,15913923.07,63.01,90,-46.97,5.43,170.36,2.7,26.2,-37.02,46,77.15,46447689.38,21649577.2,56425479.3,6369116.86,124986714.37,60709964.4,14.29,1.0
2023-10-01,2023-Q4,2023,4,Search,Asia Pacific,68961532.36,31620340.11,12266,74.34,239663,37341192.25,54.15,87,173.06,16.37,118.09,2.18,287.74,-75.14,94,70.44,48487061.68,24512789.16,46447689.38,10282098.58,193948246.73,98051156.65,57.14,4.0
2024-01-01,2024-Q1,2024,1,Search,Asia Pacific,64458957.47,27877132.69,21183,81.69,1590552,36581824.78,56.75,98,-6.53,16.64,131.23,2.31,40.53,563.66,35,86.08,51575589.73,29534711.67,48487061.68,9960733.45,64458957.47,36581824.78,42.86,3.0
2024-04-01,2024-Q2,2024,2,Search,Asia Pacific,87641472.11,37123601.87,33552,73.33,742539,50517870.25,57.64,77,35.96,17.06,136.08,2.36,118.03,-53.32,45,83.9,61579348.68,35088702.59,51575589.73,14294923.43,152100429.58,87099695.02,42.86,3.0
2024-07-01,2024-Q3,2024,3,Search,Asia Pacific,100696568.75,42997509.77,39048,81.84,893282,57699058.98,57.3,85,14.9,23.07,134.19,2.34,112.73,20.3,37,80.88,80439632.67,45534986.57,61579348.68,10329426.55,252796998.33,144798754.01,57.14,4.0
2024-10-01,2024-Q4,2024,4,Search,Asia Pacific,51658987.26,30052142.91,39136,83.16,1128376,21606844.35,41.83,100,-48.7,11.95,71.9,1.72,45.78,26.32,26,71.63,76113996.4,41601399.59,80439632.67,15954272.76,304455985.59,166405598.36,71.43,5.0
2020-01-01,2020-Q1,2020,1,YouTube,Asia Pacific,34821012.6,21903973.69,18562,74.1,1883113,12917038.91,37.1,94,0.0,15.91,58.97,1.59,18.49,0.0,80,88.61,34821012.6,12917038.91,34821012.6,0.0,34821012.6,12917038.91,85.71,6.0
2020-04-01,2020-Q2,2020,2,YouTube,Asia Pacific,47708061.89,26149263.64,45716,70.98,1440592,21558798.25,45.19,86,37.01,12.41,82.45,1.82,33.12,-23.5,92,77.08,41264537.25,17237918.58,34821012.6,6110646.63,82529074.49,34475837.15,71.43,5.0
2020-07-01,2020-Q3,2020,3,YouTube,Asia Pacific,45003589.0,27908819.86,16085,89.96,903030,17094769.14,37.99,90,-5.67,12.98,61.25,1.61,49.84,-37.32,51,83.07,42510887.83,17190202.1,41264537.25,4321670.02,127532663.49,51570606.29,85.71,6.0
2020-10-01,2020-Q4,2020,4,YouTube,Asia Pacific,59260423.16,33821070.96,27673,82.99,362645,25439352.2,42.93,71,31.68,13.72,75.22,1.75,163.41,-59.84,63,73.67,46698271.66,19252489.62,42510887.83,5428014.42,186793086.65,77009958.49,57.14,4.0
2021-01-01,2021-Q1,2021,1,YouTube,Asia Pacific,56525761.78,21067229.41,9440,76.99,192256,35458532.38,62.73,71,-4.61,15.77,168.31,2.68,294.01,-46.99,48,68.04,52124458.96,24887862.99,46698271.66,7828541.27,56525761.78,35458532.38,14.29,1.0
2021-04-01,2021-Q2,2021,2,YouTube,Asia Pacific,73615750.55,27578223.16,16483,71.63,1589613,46037527.39,62.54,93,30.23,21.01,166.93,2.67,46.31,726.82,13,73.39,58601381.12,31007545.28,52124458.96,12520406.84,130141512.33,81496059.76,42.86,3.0
2021-07-01,2021-Q3,2021,3,YouTube,Asia Pacific,27834161.38,10507319.32,16950,87.12,982179,17326842.06,62.25,73,-62.19,8.08,164.9,2.65,28.34,-38.21,67,90.69,54309024.22,31065563.51,58601381.12,12434690.7,157975673.71,98822901.82,42.86,3.0
2021-10-01,2021-Q4,2021,4,YouTube,Asia Pacific,58035631.18,31820666.16,5738,98.5,422099,26214965.01,45.17,70,108.51,11.38,82.38,1.82,137.49,-57.02,54,78.12,54002826.22,31259466.71,54309024.22,12323260.62,216011304.88,125037866.84,28.57,2.0
2022-01-01,2022-Q1,2022,1,YouTube,Asia Pacific,48414227.24,25887524.5,23573,96.8,1640027,22526702.74,46.53,71,-16.58,12.43,87.02,1.87,29.52,288.54,14,87.45,51974942.59,28026509.3,54002826.22,12548694.71,48414227.24,22526702.74,57.14,4.0
2022-04-01,2022-Q2,2022,2,YouTube,Asia Pacific,52533254.65,20485652.39,13895,95.56,1108459,32047602.25,61.0,78,8.51,13.87,156.44,2.56,47.39,-32.41,33,92.15,46704318.61,24529028.02,51974942.59,6198175.3,100947481.89,54574304.99,42.86,3.0
2022-07-01,2022-Q3,2022,3,YouTube,Asia Pacific,87416291.51,52905666.04,18675,97.66,808560,34510625.47,39.48,88,66.4,20.26,65.23,1.65,108.11,-27.06,12,67.12,61599851.14,28824973.87,46704318.61,5452593.67,188363773.4,89084930.46,100.0,7.0
2022-10-01,2022-Q4,2022,4,YouTube,Asia Pacific,54806012.88,37360454.53,36440,71.29,1524810,17445558.34,31.83,91,-37.3,14.76,46.7,1.47,35.94,88.58,29,80.45,60792446.57,26632622.2,61599851.14,8013439.99,243169786.27,106530488.81,100.0,7.0
2023-01-01,2023-Q1,2023,1,YouTube,Asia Pacific,67878272.27,20406084.48,12145,85.84,1055228,47472187.79,69.94,85,23.85,18.75,232.64,3.33,64.33,-30.8,64,67.73,65658457.83,32868993.47,60792446.57,12308605.05,67878272.27,47472187.79,14.29,1.0
2023-04-01,2023-Q2,2023,2,YouTube,Asia Pacific,69063563.98,23777710.59,28515,74.9,372178,45285853.39,65.57,71,1.75,17.01,190.46,2.9,185.57,-64.73,72,85.67,69791035.16,36178556.25,65658457.83,13713693.62,136941836.26,92758041.19,28.57,2.0
2023-07-01,2023-Q3,2023,3,YouTube,Asia Pacific,46725519.82,26935623.43,8606,86.85,520694,19789896.39,42.35,100,-32.34,10.05,73.47,1.73,89.74,39.9,33,84.6,59618342.24,32498373.98,69791035.16,16081328.63,183667356.07,112547937.57,71.43,5.0
2023-10-01,2023-Q4,2023,4,YouTube,Asia Pacific,54211203.69,19299625.5,48250,93.78,1971182,34911578.19,64.4,73,16.02,12.87,180.89,2.81,27.5,278.57,26,83.34,59469639.94,36864878.94,59618342.24,12633265.94,237878559.77,147459515.76,14.29,1.0
2024-01-01,2024-Q1,2024,1,YouTube,Asia Pacific,48714221.97,31709770.32,48105,94.89,1411745,17004451.65,34.91,75,-10.14,12.58,53.63,1.54,34.51,-28.38,51,86.35,54678627.36,29247944.9,59469639.94,13274650.77,48714221.97,17004451.65,85.71,6.0
2024-04-01,2024-Q2,2024,2,YouTube,Asia Pacific,86571220.66,37516000.74,44609,75.42,316432,49055219.91,56.66,85,77.71,16.86,130.76,2.31,273.59,-77.59,98,91.05,59055541.53,30190286.54,54678627.36,14834763.94,135285442.62,66059671.56,57.14,4.0
2024-07-01,2024-Q3,2024,3,YouTube,Asia Pacific,53769959.02,24394930.3,17209,92.39,1324683,29375028.71,54.63,95,-37.89,12.32,120.41,2.2,40.59,318.63,40,99.06,60816651.33,32586569.62,59055541.53,13288321.98,189055401.64,95434700.28,71.43,5.0
2024-10-01,2024-Q4,2024,4,YouTube,Asia Pacific,112571080.84,59138553.13,36826,70.25,1395163,53432527.71,47.47,92,109.36,26.04,90.35,1.9,80.69,5.32,93,91.77,75406620.62,37216807.0,60816651.33,17059996.23,301626482.48,148867227.99,57.14,4.0
2020-01-01,2020-Q1,2020,1,AI,Europe,21680942.49,10441341.77,33912,87.72,328976,11239600.73,51.84,96,0.0,6.3,107.65,2.08,65.9,0.0,0,63.17,21680942.49,11239600.73,21680942.49,0.0,21680942.49,11239600.73,57.14,4.0
2020-04-01,2020-Q2,2020,2,AI,Europe,44020260.43,16616716.56,27288,86.96,1964822,27403543.88,62.25,83,103.04,12.87,164.92,2.65,22.4,497.25,40,85.67,32850601.46,19321572.3,21680942.49,11429633.81,65701202.92,38643144.6,28.57,2.0
2020-07-01,2020-Q3,2020,3,AI,Europe,72373642.49,49257687.55,41826,93.38,709294,23115954.94,31.94,85,64.41,17.89,46.93,1.47,102.04,-63.9,16,86.16,46024948.47,20586366.51,32850601.46,8373611.99,138074845.41,61759099.54,100.0,7.0
2020-10-01,2020-Q4,2020,4,AI,Europe,64023273.51,33542786.3,28550,89.97,226851,30480487.21,47.61,90,-11.54,18.64,90.87,1.91,282.23,-68.02,40,67.23,50524529.73,23059896.69,46024948.47,8439095.01,202098118.92,92239586.75,57.14,4.0
2021-01-01,2021-Q1,2021,1,AI,Europe,40910201.51,17176537.58,36120,71.61,792408,23733663.94,58.01,93,-36.1,11.75,138.17,2.38,51.63,249.31,11,72.17,55331844.49,26183412.49,50524529.73,3433372.28,40910201.51,23733663.94,28.57,2.0
2021-04-01,2021-Q2,2021,2,AI,Europe,57871808.36,25612755.71,18178,92.29,678615,32259052.65,55.74,74,41.46,15.82,125.95,2.26,85.28,-14.36,51,63.91,58794731.47,27397289.68,55331844.49,4650979.36,98782009.87,55992716.58,28.57,2.0
2021-07-01,2021-Q3,2021,3,AI,Europe,44802175.17,17795605.75,13174,77.16,1172884,27006569.42,60.28,94,-22.58,15.59,151.76,2.52,38.2,72.83,91,93.21,51901864.64,28369943.3,58794731.47,3783007.7,143584185.05,82999286.0,28.57,2.0
2021-10-01,2021-Q4,2021,4,AI,Europe,28940549.89,13574141.62,29901,71.55,618336,15366408.28,53.1,86,-35.4,7.3,113.2,2.13,46.8,-47.28,25,83.0,43131183.73,24591423.57,51901864.64,7081951.8,172524734.94,98365694.28,42.86,3.0
2022-01-01,2022-Q1,2022,1,AI,Europe,37413555.89,11478182.25,33719,73.66,490680,25935373.64,69.32,73,29.28,10.8,225.95,3.26,76.25,-20.65,73,86.32,42257022.33,25141850.99,43131183.73,7078622.57,37413555.89,25935373.64,14.29,1.0
2022-04-01,2022-Q2,2022,2,AI,Europe,28478006.8,13789946.87,7930,94.49,160271,14688059.93,51.58,85,-23.88,8.43,106.51,2.07,177.69,-67.34,33,86.79,34908571.94,20749102.82,42257022.33,6627290.41,65891562.69,40623433.57,71.43,5.0
2022-07-01,2022-Q3,2022,3,AI,Europe,90663826.06,31622721.0,10431,97.59,451560,59041105.06,65.12,93,218.36,18.74,186.7,2.87,200.78,181.75,96,71.53,46373984.66,28757736.73,34908571.94,20835319.48,156555388.75,99664538.63,42.86,3.0
2022-10-01,2022-Q4,2022,4,AI,Europe,47677232.19,16881809.26,10842,85.38,1822475,30795422.93,64.59,79,-47.41,10.94,182.42,2.82,26.16,303.6,22,87.61,51058155.23,32614990.39,46373984.66,18864803.89,204232620.94,130459961.57,28.57,2.0
2023-01-01,2023-Q1,2023,1,AI,Europe,33822623.16,18650870.9,9554,88.09,733714,15171752.25,44.86,91,-29.06,11.35,81.35,1.81,46.1,-59.74,63,60.2,50160422.05,29924085.05,51058155.23,20803267.92,33822623.16,15171752.25,57.14,4.0
2023-04-01,2023-Q2,2023,2,AI,Europe,28811579.48,12006201.54,12156,88.56,251770,16805377.94,58.33,80,-14.82,8.65,139.97,2.4,114.44,-65.69,22,85.42,50243815.22,30453414.55,50160422.05,20307397.05,62634202.63,31977130.19,28.57,2.0
2023-07-01,2023-Q3,2023,3,AI,Europe,33749019.79,20634707.19,39600,93.96,158577,13114312.6,38.86,91,17.14,7.34,63.55,1.64,212.82,-37.02,62,95.96,36015113.65,18971716.43,50243815.22,8025832.57,96383222.43,45091442.79,100.0,7.0
2023-10-01,2023-Q4,2023,4,AI,Europe,107932096.27,46663546.19,39558,70.74,1364759,61268550.07,56.77,73,219.81,25.59,131.3,2.31,79.09,760.63,40,83.64,51078829.67,26589998.22,36015113.65,23168305.91,204315318.69,106359992.86,42.86,3.0
2024-01-01,2024-Q1,2024,1,AI,Europe,48004753.84,20703930.24,49960,87.5,1121338,27300823.6,56.87,80,-55.52,12.96,131.86,2.32,42.81,-17.84,76,68.42,54624362.34,29622266.05,51078829.67,21936738.86,48004753.84,27300823.6,71.43,5.0
2024-04-01,2024-Q2,2024,2,AI,Europe,41043566.45,15657004.36,20616,83.49,714684,25386562.09,61.85,80,-14.5,8.8,162.14,2.62,57.43,-36.27,90,93.46,57682359.09,31767562.09,54624362.34,20647202.57,89048320.29,52687385.69,57.14,4.0
2024-07-01,2024-Q3,2024,3,AI,Europe,59738892.62,23012760.57,43216,83.48,260799,36726132.05,61.48,94,45.55,12.7,159.59,2.6,229.06,-63.51,72,87.22,64179827.29,37670516.95,57682359.09,16494293.13,148787212.91,89413517.75,14.29,1.0
2024-10-01,2024-Q4,2024,4,AI,Europe,57280340.84,38219622.6,9142,73.91,171570,19060718.25,33.28,84,-4.12,12.8,49.87,1.5,333.86,-34.21,80,84.65,51516888.44,27118559.0,64179827.29,7309064.95,206067553.76,108474235.99,100.0,7.0
2020-01-01,2020-Q1,2020,1,Android,Europe,73574731.34,45484361.44,32559,86.08,1361187,28090369.9,38.18,84,0.0,21.38,61.76,1.62,54.05,0.0,96,96.59,73574731.34,28090369.9,73574731.34,0.0,73574731.34,28090369.9,71.43,5.0
2020-04-01,2020-Q2,2020,2,Android,Europe,54574871.39,34533387.15,43015,88.59,915087,20041484.24,36.72,99,-25.82,15.96,58.04,1.58,59.64,-32.77,63,84.66,64074801.37,24065927.07,73574731.34,5691421.63,128149602.73,48131854.14,100.0,7.0
2020-07-01,2020-Q3,2020,3,Android,Europe,28663162.38,9170223.51,38775,76.48,648151,19492938.86,68.01,77,-47.48,7.08,212.57,3.13,44.22,-29.17,54,99.88,52270921.7,22541597.67,64074801.37,4813198.57,156812765.11,67624793.01,42.86,3.0
2020-10-01,2020-Q4,2020,4,Android,Europe,25600378.87,17810825.7,5040,90.78,1626484,7789553.17,30.43,80,-10.69,7.45,43.73,1.44,15.74,150.94,61,89.83,45603286.0,18853586.54,52270921.7,8357648.66,182413143.98,75414346.18,100.0,7.0
2021-01-01,2021-Q1,2021,1,Android,Europe,53051646.04,17190160.66,35717,97.17,1077927,35861485.38,67.6,89,107.23,15.23,208.62,3.09,49.22,-33.73,61,94.14,40472514.67,20796365.41,45603286.0,11523942.77,53051646.04,35861485.38,14.29,1.0
2021-04-01,2021-Q2,2021,2,Android,Europe,40144066.86,19961088.9,6127,87.53,1812729,20182977.96,50.28,73,-24.33,10.97,101.11,2.01,22.15,68.17,57,68.99,36864813.54,20831738.84,40472514.67,11521070.03,93195712.9,56044463.34,42.86,3.0
2021-07-01,2021-Q3,2021,3,Android,Europe,53733629.03,34088259.69,24228,97.21,1469000,19645369.35,36.56,93,33.85,18.7,57.63,1.58,36.58,-18.96,32,76.23,43132430.2,20869846.47,36864813.54,11515416.37,146929341.93,75689832.69,85.71,6.0
2021-10-01,2021-Q4,2021,4,Android,Europe,54032778.68,31301616.34,31065,71.47,576714,22731162.34,42.07,81,0.56,13.63,72.62,1.73,93.69,-60.74,91,79.97,50240530.15,24605248.76,43132430.2,7623908.57,200962120.62,98420995.03,85.71,6.0
2022-01-01,2022-Q1,2022,1,Android,Europe,75075106.02,35647612.85,43258,78.0,1041283,39427493.17,52.52,93,38.94,21.67,110.6,2.11,72.1,80.55,57,83.11,55746395.15,25496750.7,50240530.15,9384187.22,75075106.02,39427493.17,71.43,5.0
2022-04-01,2022-Q2,2022,2,Android,Europe,71991987.4,22705002.64,48172,90.17,923687,49286984.75,68.46,76,-4.11,21.31,217.08,3.17,77.94,-11.29,20,92.6,63708375.28,32772752.4,55746395.15,14025775.81,147067093.42,88714477.92,42.86,3.0
2022-07-01,2022-Q3,2022,3,Android,Europe,37945915.08,12012834.19,35638,96.98,321425,25933080.89,68.34,82,-47.29,7.84,215.88,3.16,118.06,-65.2,92,99.23,59761446.79,34344680.29,63708375.28,12311732.25,185013008.5,114647558.81,14.29,1.0
2022-10-01,2022-Q4,2022,4,Android,Europe,41109889.96,14581666.66,5029,80.59,952877,26528223.3,64.53,93,8.34,9.43,181.93,2.82,43.14,196.45,75,81.21,56530724.61,35293945.53,59761446.79,11215391.74,226122898.46,141175782.11,42.86,3.0
2023-01-01,2023-Q1,2023,1,Android,Europe,22811243.08,8861967.43,7605,99.46,1109716,13949275.64,61.15,72,-44.51,7.66,157.41,2.57,20.56,16.46,89,63.39,43464758.88,28924391.15,56530724.61,14760068.43,22811243.08,13949275.64,14.29,1.0
2023-04-01,2023-Q2,2023,2,Android,Europe,44150439.23,23408845.44,13725,87.78,167017,20741593.78,46.98,70,93.55,13.26,88.61,1.89,264.35,-84.95,16,76.17,36504371.84,21788043.4,43464758.88,5836436.64,66961682.3,34690869.43,71.43,5.0
2023-07-01,2023-Q3,2023,3,Android,Europe,62736848.78,30152270.3,34658,89.64,847390,32584578.48,51.94,70,42.1,13.64,108.07,2.08,74.04,407.37,21,86.04,42702105.26,23450917.8,36504371.84,7969006.77,129698531.08,67275447.9,57.14,4.0
2023-10-01,2023-Q4,2023,4,Android,Europe,36660063.36,14541709.35,11330,83.88,1607537,22118354.01,60.33,85,-41.57,8.69,152.1,2.52,22.81,89.7,52,69.62,41589648.61,22348450.48,42702105.26,7701934.54,166358594.44,89393801.91,28.57,2.0
2024-01-01,2024-Q1,2024,1,Android,Europe,42345581.85,13340899.57,33456,99.51,1863228,29004682.27,68.5,93,15.51,11.43,217.41,3.17,22.73,15.91,6,94.79,46473233.3,26112302.14,41589648.61,5628864.71,42345581.85,29004682.27,14.29,1.0
2024-04-01,2024-Q2,2024,2,Android,Europe,95637694.45,32108448.54,26769,98.48,842179,63529245.9,66.43,84,125.85,20.5,197.86,2.98,113.56,-54.8,2,76.12,59345047.11,36809215.17,46473233.3,18335209.6,137983276.29,92533928.18,14.29,1.0
2024-07-01,2024-Q3,2024,3,Android,Europe,29888930.89,11820201.53,18916,82.02,1071693,18068729.35,60.45,75,-68.75,6.35,152.86,2.53,27.89,27.25,22,64.82,51133067.64,33180252.89,59345047.11,20730175.41,167872207.18,110602657.53,28.57,2.0
2024-10-01,2024-Q4,2024,4,Android,Europe,35179693.86,22889156.85,31355,83.76,300786,12290537.01,34.94,91,17.7,7.86,53.7,1.54,116.96,-71.93,76,67.92,50762975.26,30723298.64,51133067.64,22942599.7,203051901.04,122893194.54,71.43,5.0
2020-01-01,2020-Q1,2020,1,Cloud,Europe,74301381.72,47754517.12,5613,96.43,1736165,26546864.6,35.73,91,0.0,21.59,55.59,1.56,42.8,0.0,86,81.02,74301381.72,26546864.6,74301381.72,0.0,74301381.72,26546864.6,100.0,7.0
2020-04-01,2020-Q2,2020,2,Cloud,Europe,76449020.8,48312052.33,42173,81.15,1866075,28136968.47,36.8,78,2.89,22.36,58.24,1.58,40.97,7.48,43,96.66,75375201.26,27341916.54,74301381.72,1124373.23,150750402.52,54683833.07,85.71,6.0
2020-07-01,2020-Q3,2020,3,Cloud,Europe,56968395.31,37961489.87,39028,71.94,423200,19006905.44,33.36,71,-25.48,14.08,50.07,1.5,134.61,-77.32,21,64.62,69239599.27,24563579.5,75375201.26,4877456.06,207718797.82,73690738.51,85.71,6.0
2020-10-01,2020-Q4,2020,4,Cloud,Europe,42616843.62,16067926.09,10046,82.51,253442,26548917.53,62.3,88,-25.19,12.41,165.23,2.65,168.15,-40.11,78,82.04,62583910.36,25059914.01,69239599.27,4104279.49,250335641.44,100239656.04,14.29,1.0
2021-01-01,2021-Q1,2021,1,Cloud,Europe,23757514.01,11168317.64,39245,80.89,440708,12589196.37,52.99,87,-44.25,6.82,112.72,2.13,53.91,73.89,71,85.62,49947943.43,21570496.95,62583910.36,7191174.71,23757514.01,12589196.37,71.43,5.0
2021-04-01,2021-Q2,2021,2,Cloud,Europe,77103628.55,48554709.56,14566,83.84,1072122,28548918.99,37.03,90,224.54,21.07,58.8,1.59,71.92,143.27,28,69.97,50111595.37,21673484.58,49947943.43,7318387.38,100861142.56,41138115.36,85.71,6.0
2021-07-01,2021-Q3,2021,3,Cloud,Europe,50717438.65,19792191.88,32303,86.96,651353,30925246.77,60.98,84,-34.22,17.65,156.25,2.56,77.86,-39.25,23,62.46,48548856.21,24653069.91,50111595.37,8239116.57,151578581.21,72063362.13,14.29,1.0
2021-10-01,2021-Q4,2021,4,Cloud,Europe,28851742.14,16883853.7,26338,96.99,491861,11967888.44,41.48,75,-43.11,7.28,70.88,1.71,58.66,-24.49,93,70.62,45107580.84,21007812.64,48548856.21,10129447.4,180430323.34,84031250.57,100.0,7.0
2022-01-01,2022-Q1,2022,1,Cloud,Europe,48351882.07,15690413.73,39183,77.64,1295342,32661468.34,67.55,81,67.59,13.96,208.16,3.08,37.33,163.36,88,84.17,51256172.85,26025880.63,45107580.84,9522389.05,48351882.07,32661468.34,28.57,2.0
2022-04-01,2022-Q2,2022,2,Cloud,Europe,47130051.27,14539536.27,28392,88.81,263163,32590515.0,69.15,86,-2.53,13.95,224.15,3.24,179.09,-79.68,99,78.97,43762778.53,27036279.64,51256172.85,10077578.36,95481933.34,65251983.34,28.57,2.0
2022-07-01,2022-Q3,2022,3,Cloud,Europe,83332491.12,40819115.96,17433,86.05,1498157,42513375.15,51.02,84,76.81,17.22,104.15,2.04,55.62,469.29,97,68.63,51916541.65,29933311.73,43762778.53,12851951.83,178814424.46,107765358.49,85.71,6.0
2022-10-01,2022-Q4,2022,4,Cloud,Europe,63902623.12,19563522.54,25341,93.36,1026975,44339100.58,69.39,95,-23.32,14.66,226.64,3.27,62.22,-31.45,24,90.39,60679261.89,38026114.77,51916541.65,6279980.67,242717047.58,152104459.07,14.29,1.0
2023-01-01,2023-Q1,2023,1,Cloud,Europe,76955169.12,35558487.35,47631,74.6,1196926,41396681.78,53.79,88,20.43,25.83,116.42,2.16,64.29,16.55,29,98.52,67830083.66,40209918.13,60679261.89,5222380.49,76955169.12,41396681.78,28.57,2.0
2023-04-01,2023-Q2,2023,2,Cloud,Europe,80881913.59,52811771.09,30248,78.93,1921589,28070142.49,34.71,77,5.1,24.29,53.15,1.53,42.09,60.54,100,60.62,76268049.24,39079825.0,67830083.66,7439314.05,157837082.71,69466824.27,100.0,7.0
2023-07-01,2023-Q3,2023,3,Cloud,Europe,89150569.51,45679754.29,22984,71.28,200970,43470815.22,48.76,100,10.22,19.39,95.16,1.95,443.6,-89.54,67,63.31,77722568.83,39319185.02,76268049.24,7600274.91,246987652.22,112937639.49,71.43,5.0
2023-10-01,2023-Q4,2023,4,Cloud,Europe,42608765.68,13600788.21,40801,79.22,355841,29007977.46,68.08,92,-52.21,10.1,213.28,3.13,119.74,77.06,12,67.04,72399104.47,35486404.24,77722568.83,8075748.7,289596417.89,141945616.96,14.29,1.0
2024-01-01,2024-Q1,2024,1,Cloud,Europe,70622326.1,32703887.57,9127,75.23,1158166,37918438.52,53.69,71,65.75,19.06,115.94,2.16,60.98,225.47,60,62.81,70815893.72,34616843.43,72399104.47,7384940.02,70622326.1,37918438.52,85.71,6.0
2024-04-01,2024-Q2,2024,2,Cloud,Europe,29611387.01,12885203.03,6009,88.51,1094691,16726183.97,56.49,94,-58.07,6.35,129.81,2.3,27.05,-5.48,65,81.38,57998262.07,31780853.8,70815893.72,11671290.58,100233713.1,54644622.5,85.71,6.0
2024-07-01,2024-Q3,2024,3,Cloud,Europe,69198068.19,36263618.38,28811,90.63,1875834,32934449.81,47.59,82,133.69,14.71,90.82,1.91,36.89,71.36,78,80.34,53010136.74,29146762.44,57998262.07,9047631.51,169431781.29,87579072.31,57.14,4.0
2024-10-01,2024-Q4,2024,4,Cloud,Europe,31753431.89,15843214.57,29463,96.89,1810509,15910217.32,50.11,92,-54.11,7.09,100.42,2.0,17.54,-3.48,62,65.88,50296303.3,25872322.41,53010136.74,11223159.73,201185213.18,103489289.63,42.86,3.0
2020-01-01,2020-Q1,2020,1,Hardware,Europe,23954811.47,11048617.53,26304,72.21,1026318,12906193.94,53.88,88,0.0,6.96,116.81,2.17,23.34,0.0,47,88.06,23954811.47,12906193.94,23954811.47,0.0,23954811.47,12906193.94,42.86,3.0
2020-04-01,2020-Q2,2020,2,Hardware,Europe,24988303.92,14865195.42,42216,90.36,1445628,10123108.5,40.51,80,4.31,7.31,68.1,1.68,17.29,40.86,10,72.36,24471557.7,11514651.22,23954811.47,1967938.59,48943115.39,23029302.44,71.43,5.0
2020-07-01,2020-Q3,2020,3,Hardware,Europe,71561432.28,21857418.87,23686,95.98,449172,49704013.41,69.46,93,186.38,17.69,227.4,3.27,159.32,-68.93,31,93.81,40168182.56,24244438.62,24471557.7,22092506.71,120504547.67,72733315.85,14.29,1.0
2020-10-01,2020-Q4,2020,4,Hardware,Europe,47717348.06,29057372.75,29361,90.94,1222673,18659975.31,39.11,81,-33.32,13.89,64.22,1.64,39.03,172.21,30,87.19,42055473.93,22848322.79,40168182.56,18253286.26,168221895.74,91393291.16,71.43,5.0
2021-01-01,2021-Q1,2021,1,Hardware,Europe,61247173.67,41000325.16,48254,78.63,529421,20246848.51,33.06,85,28.35,17.59,49.38,1.49,115.69,-56.7,18,95.49,51378564.48,24683486.43,42055473.93,17262655.44,61247173.67,20246848.51,100.0,7.0
2021-04-01,2021-Q2,2021,2,Hardware,Europe,25654006.29,14451309.57,24835,91.33,482250,11202696.72,43.67,78,-58.11,7.01,77.52,1.78,53.2,-8.91,77,86.38,51544990.08,24953383.49,51378564.48,16964998.54,86901179.96,31449545.23,71.43,5.0
2021-07-01,2021-Q3,2021,3,Hardware,Europe,44071286.59,23837473.32,17420,77.52,1809144,20233813.27,45.91,75,71.79,15.34,84.88,1.85,24.36,275.15,19,91.98,44672453.65,17585833.45,51544990.08,4320147.12,130972466.55,51683358.5,57.14,4.0
2021-10-01,2021-Q4,2021,4,Hardware,Europe,56372802.75,28531718.16,27183,95.55,939197,27841084.59,49.39,100,27.91,14.22,97.58,1.98,60.02,-48.09,76,62.53,46836317.33,19881110.77,44672453.65,6805248.39,187345269.3,79524443.09,57.14,4.0
2022-01-01,2022-Q1,2022,1,Hardware,Europe,24517848.26,11344507.97,46426,98.76,574156,13173340.3,53.73,91,-56.51,7.08,116.12,2.16,42.7,-38.87,91,62.17,37653985.98,18112733.72,46836317.33,7556145.58,24517848.26,13173340.3,42.86,3.0
2022-04-01,2022-Q2,2022,2,Hardware,Europe,25390061.74,10033065.97,8338,98.39,986813,15356995.77,60.48,90,3.56,7.51,153.06,2.53,25.73,71.87,50,89.58,37587999.84,19151308.48,37653985.98,6501716.14,49907910.0,28530336.06,57.14,4.0
2022-07-01,2022-Q3,2022,3,Hardware,Europe,37782642.49,21871914.09,21419,99.24,667462,15910728.4,42.11,84,48.81,7.81,72.75,1.73,56.61,-32.36,58,67.13,36015838.81,18070537.26,37587999.84,6620025.55,87690552.49,44441064.46,100.0,7.0
2022-10-01,2022-Q4,2022,4,Hardware,Europe,40732296.47,25515042.47,20632,71.99,1622797,15217254.0,37.36,72,7.81,9.34,59.64,1.6,25.1,143.13,7,84.92,32105712.24,14914579.62,36015838.81,1198828.68,128422848.96,59658318.46,100.0,7.0
2023-01-01,2023-Q1,2023,1,Hardware,Europe,50417502.42,31809495.83,32199,75.82,1127129,18608006.59,36.91,96,23.78,16.93,58.5,1.58,44.73,-30.54,60,81.92,38580625.78,16273246.19,32105712.24,1585050.96,50417502.42,18608006.59,100.0,7.0
2023-04-01,2023-Q2,2023,2,Hardware,Europe,34382553.49,17331749.64,21947,84.81,1153566,17050803.85,49.59,94,-31.8,10.33,98.38,1.98,29.81,2.35,24,95.8,40828748.72,16696698.21,38580625.78,1481552.59,84800055.91,35658810.44,57.14,4.0
2023-07-01,2023-Q3,2023,3,Hardware,Europe,70669301.77,31826553.47,38719,77.69,666776,38842748.3,54.96,77,105.54,15.37,122.05,2.22,105.99,-42.2,91,65.74,49050413.54,22429703.19,40828748.72,11029436.31,155469357.69,74501558.74,42.86,3.0
2023-10-01,2023-Q4,2023,4,Hardware,Europe,102008952.7,47092176.93,5880,87.01,102040,54916775.77,53.84,74,44.35,24.18,116.62,2.17,999.7,-84.7,71,72.78,64369577.6,32354583.63,49050413.54,18021495.04,257478310.39,129418334.52,57.14,4.0
2024-01-01,2024-Q1,2024,1,Hardware,Europe,33439473.07,11514346.01,17636,85.68,1501781,21925127.06,65.57,89,-67.22,9.03,190.42,2.9,22.27,1371.76,12,93.45,60125070.26,33183863.75,64369577.6,17237335.57,33439473.07,21925127.06,42.86,3.0
2024-04-01,2024-Q2,2024,2,Hardware,Europe,48006804.71,32963134.04,44338,79.65,1166794,15043670.67,31.34,75,43.56,10.29,45.64,1.46,41.14,-22.31,29,87.96,63531133.07,32682080.45,60125070.26,17880725.66,81446277.78,36968797.73,100.0,7.0
2024-07-01,2024-Q3,2024,3,Hardware,Europe,86981804.9,47795330.45,11142,95.66,1467799,39186474.45,45.05,83,81.19,18.49,81.99,1.82,59.26,25.8,56,95.88,67609258.85,32768011.99,63531133.07,17920982.36,168428082.69,76155272.18,85.71,6.0
2024-10-01,2024-Q4,2024,4,Hardware,Europe,61995712.01,41209186.9,42000,76.11,355896,20786525.11,33.53,81,-28.73,13.85,50.44,1.5,174.2,-75.75,36,62.99,57605948.67,24235449.32,67609258.85,10412406.29,230423794.69,96941797.29,85.71,6.0
2020-01-01,2020-Q1,2020,1,Maps,Europe,51965967.45,18489659.53,47590,83.13,1187778,33476307.93,64.42,95,0.0,15.1,181.05,2.81,43.75,0.0,96,95.04,51965967.45,33476307.93,51965967.45,0.0,51965967.45,33476307.93,28.57,2.0
2020-04-01,2020-Q2,2020,2,Maps,Europe,53166368.47,22066184.66,47207,76.25,1871368,31100183.81,58.5,94,2.31,15.55,140.94,2.41,28.41,57.55,26,92.7,52566167.96,32288245.87,51965967.45,1680173.47,105132335.92,64576491.74,42.86,3.0
2020-07-01,2020-Q3,2020,3,Maps,Europe,31242733.02,16358874.48,23846,76.15,802562,14883858.54,47.64,74,-41.24,7.72,90.98,1.91,38.93,-57.11,72,84.45,45458356.32,26486783.43,52566167.96,10118418.4,136375068.95,79460350.28,57.14,4.0
2020-10-01,2020-Q4,2020,4,Maps,Europe,43536345.26,20489157.46,6930,83.55,524397,23047187.8,52.94,87,39.35,12.68,112.48,2.12,83.02,-34.66,32,70.66,44977853.55,25626884.52,45458356.32,8438757.71,179911414.21,102507538.08,42.86,3.0
2021-01-01,2021-Q1,2021,1,Maps,Europe,35893448.81,15304672.16,8680,86.55,1889905,20588776.65,57.36,97,-17.56,10.31,134.53,2.35,18.99,260.4,85,83.56,40959723.89,22405001.7,44977853.55,6730152.62,35893448.81,20588776.65,42.86,3.0
2021-04-01,2021-Q2,2021,2,Maps,Europe,59651964.03,19039253.09,38882,70.65,101514,40612710.94,68.08,99,66.19,16.3,213.31,3.13,587.62,-94.63,32,68.99,42581122.78,24783133.48,40959723.89,11093200.67,95545412.84,61201487.59,14.29,1.0
2021-07-01,2021-Q3,2021,3,Maps,Europe,22081593.85,9929326.51,17211,89.21,430158,12152267.35,55.03,98,-62.98,7.68,122.39,2.22,51.33,323.74,3,70.36,40290837.99,24100235.68,42581122.78,11956240.22,117627006.7,73353754.94,42.86,3.0
2021-10-01,2021-Q4,2021,4,Maps,Europe,73072948.92,22445308.4,17280,99.57,1049849,50627640.52,69.28,78,230.92,18.44,225.56,3.26,69.6,144.06,27,86.77,47674988.9,30995348.87,40290837.99,17713262.41,190699955.62,123981395.46,14.29,1.0
2022-01-01,2022-Q1,2022,1,Maps,Europe,63638095.81,41353020.9,10494,80.38,812057,22285074.91,35.02,87,-12.91,18.37,53.89,1.54,78.37,-22.65,74,90.43,54611150.65,31419423.43,47674988.9,17398580.07,63638095.81,22285074.91,100.0,7.0
2022-04-01,2022-Q2,2022,2,Maps,Europe,53672663.95,16423306.1,37786,84.48,1524545,37249357.85,69.4,74,-15.66,15.89,226.81,3.27,35.21,87.74,39,68.43,53116325.63,30578585.16,54611150.65,16879724.82,117310759.77,59534432.76,14.29,1.0
2022-07-01,2022-Q3,2022,3,Maps,Europe,90361591.57,35631872.89,7221,88.56,954290,54729718.69,60.57,91,68.36,18.67,153.6,2.54,94.69,-37.4,25,64.58,70186325.06,41222947.99,53116325.63,14666441.87,207672351.34,114264151.44,57.14,4.0
2022-10-01,2022-Q4,2022,4,Maps,Europe,64404194.96,39875834.48,37353,94.45,1128823,24528360.48,38.09,70,-28.73,14.78,61.51,1.62,57.05,18.29,19,68.37,68019136.57,34698127.98,70186325.06,14891624.69,272076546.3,138792511.92,85.71,6.0
2023-01-01,2023-Q1,2023,1,Maps,Europe,63487609.03,36069893.01,31003,71.89,1791224,27417716.02,43.19,77,-1.42,21.31,76.01,1.76,35.44,58.68,65,86.8,67981514.88,35981288.26,68019136.57,13633487.79,63487609.03,27417716.02,85.71,6.0
2023-04-01,2023-Q2,2023,2,Maps,Europe,29814335.61,18799094.85,29095,83.04,1121127,11015240.76,36.95,87,-53.04,8.96,58.59,1.59,26.59,-37.41,36,93.85,62016932.79,29422758.99,67981514.88,18323521.05,93301944.64,38432956.79,85.71,6.0
2023-07-01,2023-Q3,2023,3,Maps,Europe,85254056.88,38103366.49,40542,73.27,984558,47150690.38,55.31,97,185.95,18.54,123.74,2.24,86.59,-12.18,90,74.61,60740049.12,27528001.91,62016932.79,14907841.29,178556001.52,85583647.17,28.57,2.0
2023-10-01,2023-Q4,2023,4,Maps,Europe,44757846.62,26171296.11,49478,98.87,664756,18586550.51,41.53,77,-47.5,10.61,71.02,1.71,67.33,-32.48,49,65.72,55828462.04,26042549.42,60740049.12,15586924.26,223313848.14,104170197.68,71.43,5.0
2024-01-01,2024-Q1,2024,1,Maps,Europe,53114078.25,18119680.56,7892,71.61,426460,34994397.69,65.89,74,18.67,14.34,193.13,2.93,124.55,-35.85,52,60.61,53235079.34,27936719.84,55828462.04,16255764.12,53114078.25,34994397.69,28.57,2.0
2024-04-01,2024-Q2,2024,2,Maps,Europe,73227770.57,26993626.54,46887,95.36,918547,46234144.03,63.14,92,37.87,15.7,171.28,2.71,79.72,115.39,16,81.34,64088438.08,36741445.65,53235079.34,13305588.96,126341848.82,81228541.72,42.86,3.0
2024-07-01,2024-Q3,2024,3,Maps,Europe,57592682.63,37917173.03,15080,95.13,1088893,19675509.59,34.16,87,-21.35,12.24,51.89,1.52,52.89,18.55,67,91.94,57173094.52,29872650.46,64088438.08,13232390.82,183934531.45,100904051.31,100.0,7.0
2024-10-01,2024-Q4,2024,4,Maps,Europe,112143308.68,48093146.12,48168,94.49,1945847,64050162.56,57.11,83,94.72,25.05,133.18,2.33,57.63,78.7,74,62.19,74019460.03,41238553.47,57173094.52,18701869.58,296077840.13,164954213.88,28.57,2.0
2020-01-01,2020-Q1,2020,1,Search,Europe,42543621.96,13638893.6,37851,87.15,661053,28904728.36,67.94,79,0.0,12.36,211.93,3.12,64.36,0.0,6,99.51,42543621.96,28904728.36,42543621.96,0.0,42543621.96,28904728.36,14.29,1.0
2020-04-01,2020-Q2,2020,2,Search,Europe,64905484.21,20850825.93,28827,93.33,1606224,44054658.28,67.88,79,52.56,18.98,211.28,3.11,40.41,142.98,25,88.06,53724553.09,36479693.32,42543621.96,10712618.18,107449106.17,72959386.64,14.29,1.0
2020-07-01,2020-Q3,2020,3,Search,Europe,70969632.66,43551778.38,42704,96.54,1095030,27417854.28,38.63,100,9.34,17.54,62.95,1.63,64.81,-31.83,15,82.9,59472912.95,33459080.31,53724553.09,9206106.84,178418738.84,100377240.92,71.43,5.0
2020-10-01,2020-Q4,2020,4,Search,Europe,53860546.84,34676043.12,36284,82.58,200901,19184503.72,35.62,72,-24.11,15.68,55.32,1.55,268.09,-81.65,5,95.58,58069821.42,29890436.16,59472912.95,10365446.75,232279285.67,119561744.64,85.71,6.0
2021-01-01,2021-Q1,2021,1,Search,Europe,76828298.87,38013548.19,44253,93.55,113379,38814750.68,50.52,96,42.64,22.06,102.11,2.02,677.62,-43.56,42,84.52,66640990.64,32367941.74,58069821.42,11201891.1,76828298.87,38814750.68,85.71,6.0
2021-04-01,2021-Q2,2021,2,Search,Europe,31792984.69,16990657.05,30620,90.33,1109718,14802327.64,46.56,93,-58.62,8.69,87.12,1.87,28.65,878.77,52,66.79,58362865.76,25054859.08,66640990.64,10559258.75,108621283.56,53617078.32,57.14,4.0
2021-07-01,2021-Q3,2021,3,Search,Europe,32183150.7,20051100.48,16410,97.23,1299981,12132050.21,37.7,96,1.23,11.2,60.51,1.61,24.76,17.15,12,67.83,48666245.27,21233408.06,58362865.76,12076080.04,140804434.25,65749128.53,71.43,5.0
2021-10-01,2021-Q4,2021,4,Search,Europe,94511134.51,52637045.03,30446,92.05,1348174,41874089.47,44.31,77,193.67,23.85,79.55,1.8,70.1,3.71,31,83.88,58828892.19,26905804.5,48666245.27,15605880.54,235315568.76,107623218.01,71.43,5.0
2022-01-01,2022-Q1,2022,1,Search,Europe,68090146.76,32039620.85,11378,91.99,664798,36050525.91,52.95,90,-27.96,19.66,112.52,2.13,102.42,-50.69,62,78.85,56644354.16,26214748.31,58828892.19,14950175.23,68090146.76,36050525.91,57.14,4.0
2022-04-01,2022-Q2,2022,2,Search,Europe,49754034.29,26523267.28,46552,92.61,1973195,23230767.01,46.69,83,-26.93,14.73,87.59,1.88,25.21,196.81,87,77.97,61134616.56,28321858.15,56644354.16,13309449.89,117844181.05,59281292.92,85.71,6.0
2022-07-01,2022-Q3,2022,3,Search,Europe,64585743.66,22091949.88,9664,98.81,255626,42493793.78,65.79,92,29.81,13.35,192.35,2.92,252.66,-87.05,46,90.38,69235264.8,35912294.05,61134616.56,8938668.42,182429924.71,101775086.71,28.57,2.0
2022-10-01,2022-Q4,2022,4,Search,Europe,98678777.25,38043606.17,26144,76.2,970171,60635171.08,61.45,89,52.79,22.64,159.38,2.59,101.71,279.53,17,63.12,70277175.49,40602564.45,69235264.8,15571153.65,281108701.96,162410257.79,57.14,4.0
2023-01-01,2023-Q1,2023,1,Search,Europe,24662243.46,11985000.65,15138,95.47,236204,12677242.81,51.4,84,-75.01,8.28,105.78,2.06,104.41,-75.65,78,89.21,59420199.67,34759243.67,70277175.49,21212476.05,24662243.46,12677242.81,42.86,3.0
2023-04-01,2023-Q2,2023,2,Search,Europe,51920043.17,20981339.47,29559,90.22,1690703,30938703.7,59.59,98,110.52,15.6,147.46,2.47,30.71,615.78,41,85.05,59961701.89,36686227.84,59420199.67,20139059.07,76582286.63,43615946.51,14.29,1.0
2023-07-01,2023-Q3,2023,3,Search,Europe,57317551.31,17959380.75,32107,85.28,493520,39358170.57,68.67,100,10.4,12.47,219.15,3.19,116.14,-70.81,74,82.5,58144653.8,35902322.04,59961701.89,19897223.62,133899837.95,82974117.08,14.29,1.0
2023-10-01,2023-Q4,2023,4,Search,Europe,50550413.56,31387915.85,6298,86.32,292525,19162497.71,37.91,90,-11.81,11.98,61.05,1.61,172.81,-40.73,29,74.03,46112562.88,25534153.7,58144653.8,11919322.7,184450251.51,102136614.79,100.0,7.0
2024-01-01,2024-Q1,2024,1,Search,Europe,46226750.36,17290469.41,11644,97.14,1823566,28936280.95,62.6,98,-8.55,12.48,167.35,2.67,25.35,523.39,60,64.71,51503689.6,29598913.23,46112562.88,8294496.02,46226750.36,28936280.95,57.14,4.0
2024-04-01,2024-Q2,2024,2,Search,Europe,87430091.23,32023081.54,7767,89.0,1961805,55407009.69,63.37,75,89.13,18.74,173.02,2.73,44.57,7.58,18,84.59,60381201.62,35715989.73,51503689.6,15502519.12,133656841.59,84343290.64,28.57,2.0
2024-07-01,2024-Q3,2024,3,Search,Europe,77455433.19,42478222.26,6748,74.75,1543131,34977210.93,45.16,84,-11.41,16.46,82.34,1.82,50.19,-21.34,25,95.51,65415672.08,34620749.82,60381201.62,15313027.23,211112274.78,119320501.57,71.43,5.0
2024-10-01,2024-Q4,2024,4,Search,Europe,56311967.63,28906370.21,24530,70.14,986193,27405597.42,48.67,89,-27.3,12.58,94.81,1.95,57.1,-36.09,15,67.82,66856060.6,36681524.75,65415672.08,12904522.48,267424242.41,146726098.99,57.14,4.0
2020-01-01,2020-Q1,2020,1,YouTube,Europe,56133760.05,35506812.63,18064,80.12,498274,20626947.42,36.75,80,0.0,16.31,58.09,1.58,112.66,0.0,70,81.11,56133760.05,20626947.42,56133760.05,0.0,56133760.05,20626947.42,85.71,6.0
2020-04-01,2020-Q2,2020,2,YouTube,Europe,23807583.19,11456039.4,47897,92.02,652130,12351543.79,51.88,97,-57.59,6.96,107.82,2.08,36.51,30.88,58,67.71,39970671.62,16489245.6,56133760.05,5851594.02,79941343.24,32978491.21,57.14,4.0
2020-07-01,2020-Q3,2020,3,YouTube,Europe,72851532.34,23280335.75,5043,79.45,663999,49571196.59,68.04,88,206.0,18.0,212.93,3.13,109.72,1.82,40,70.89,50930958.53,27516562.6,39970671.62,19542920.38,152792875.58,82549687.8,28.57,2.0
2020-10-01,2020-Q4,2020,4,YouTube,Europe,66079790.91,27802108.2,48658,73.59,1990186,38277682.72,57.93,72,-9.3,19.24,137.68,2.38,33.2,199.73,48,64.96,54718166.62,30206842.63,50930958.53,16839465.09,218872666.49,120827370.52,28.57,2.0
2021-01-01,2021-Q1,2021,1,YouTube,Europe,56536156.36,26476258.9,47203,97.47,1146835,30059897.46,53.17,82,-14.44,16.24,113.54,2.14,49.3,-42.38,64,70.31,54818765.7,32565080.14,54718166.62,15670618.12,56536156.36,30059897.46,57.14,4.0
2021-04-01,2021-Q2,2021,2,YouTube,Europe,73691752.8,48703670.25,20434,86.48,641659,24988082.55,33.91,89,30.34,20.14,51.31,1.51,114.85,-44.05,36,99.84,67289808.11,35724214.83,54818765.7,10733252.53,130227909.17,55047980.02,100.0,7.0
2021-07-01,2021-Q3,2021,3,YouTube,Europe,39785994.85,27178803.06,36422,96.31,1745427,12607191.79,31.69,94,-46.01,13.84,46.39,1.46,22.79,172.02,39,61.95,59023423.73,26483213.63,67289808.11,10749908.02,170013904.02,67655171.8,100.0,7.0
2021-10-01,2021-Q4,2021,4,YouTube,Europe,60560901.28,26387488.25,7391,77.23,1053220,34173413.04,56.43,93,52.22,15.28,129.51,2.3,57.5,-39.66,62,63.47,57643701.32,25457146.21,59023423.73,9354143.04,230574805.3,101828584.84,28.57,2.0
2022-01-01,2022-Q1,2022,1,YouTube,Europe,29287626.11,18451417.42,13247,98.04,1454631,10836208.69,37.0,77,-51.64,8.46,58.73,1.59,20.13,38.11,26,82.93,50831568.76,20651224.02,57643701.32,10995437.21,29287626.11,10836208.69,85.71,6.0
2022-04-01,2022-Q2,2022,2,YouTube,Europe,61453459.01,35738256.41,42918,96.58,1193941,25715202.59,41.85,87,109.83,18.19,71.95,1.72,51.47,-17.92,93,89.59,47771995.31,20833004.03,50831568.76,11096580.24,90741085.12,36551411.28,100.0,7.0
2022-07-01,2022-Q3,2022,3,YouTube,Europe,79206768.48,36297078.87,14182,97.58,1136724,42909689.61,54.17,70,28.89,16.37,118.22,2.18,69.68,-4.79,66,93.11,57627188.72,28408628.48,47771995.31,13657208.05,169947853.6,79461100.89,71.43,5.0
2022-10-01,2022-Q4,2022,4,YouTube,Europe,79370352.36,31657799.95,36331,90.24,804565,47712552.41,60.11,99,0.21,18.21,150.71,2.51,98.65,-29.22,57,65.35,62329551.49,31793413.33,57627188.72,16863566.84,249318205.96,127173653.31,71.43,5.0
2023-01-01,2023-Q1,2023,1,YouTube,Europe,25719724.7,14571496.29,45175,93.07,1789768,11148228.4,43.35,77,-67.6,8.63,76.51,1.77,14.37,122.45,100,63.84,61437576.14,31871418.25,62329551.49,16734540.68,25719724.7,11148228.4,71.43,5.0
2023-04-01,2023-Q2,2023,2,YouTube,Europe,62959467.07,27533300.71,23216,82.1,523229,35426166.35,56.27,77,144.79,18.91,128.67,2.29,120.33,-70.77,66,78.35,61814078.15,34299159.19,61437576.14,16240854.79,88679191.76,46574394.76,42.86,3.0
2023-07-01,2023-Q3,2023,3,YouTube,Europe,60903880.43,32988335.06,30818,82.76,382858,27915545.38,45.84,74,-3.26,13.25,84.62,1.85,159.08,-26.83,50,72.37,57238356.14,30550623.14,61814078.15,15293781.9,149583072.2,74489940.14,85.71,6.0
2023-10-01,2023-Q4,2023,4,YouTube,Europe,37293501.39,22404027.9,40300,89.63,1031319,14889473.49,39.93,87,-38.77,8.84,66.46,1.66,36.16,169.37,97,70.89,46719143.4,22344853.41,57238356.14,11300449.23,186876573.59,89379413.63,85.71,6.0
2024-01-01,2024-Q1,2024,1,YouTube,Europe,76677436.79,49392642.48,46452,77.79,791857,27284794.3,35.58,96,105.61,20.7,55.24,1.55,96.83,-23.22,79,82.47,59458571.42,26378994.88,46719143.4,8505721.08,76677436.79,27284794.3,100.0,7.0
2024-04-01,2024-Q2,2024,2,YouTube,Europe,91594291.91,37661383.27,22129,95.79,1650772,53932908.63,58.88,71,19.45,19.63,143.2,2.43,55.49,108.47,71,90.57,66617277.63,31005680.45,59458571.42,16419336.64,168271728.69,81217702.93,71.43,5.0
2024-07-01,2024-Q3,2024,3,YouTube,Europe,89671667.42,44096411.59,11411,74.13,545409,45575255.83,50.82,98,-2.1,19.06,103.35,2.03,164.41,-66.96,15,87.61,73809224.38,35420608.07,66617277.63,17640305.14,257943396.11,126792958.77,42.86,3.0
2024-10-01,2024-Q4,2024,4,YouTube,Europe,93009432.94,39331679.7,40073,81.59,1760365,53677753.24,57.71,94,3.72,20.78,136.47,2.36,52.84,222.76,17,94.41,87738207.26,45117678.0,73809224.38,12506055.84,350952829.05,180470712.01,14.29,1.0
2020-01-01,2020-Q1,2020,1,AI,Middle East & Africa,51780743.66,16526922.95,9454,83.01,1589852,35253820.71,68.08,89,0.0,14.7,213.31,3.13,32.57,0.0,82,78.97,51780743.66,35253820.71,51780743.66,0.0,51780743.66,35253820.71,14.29,1.0
2020-04-01,2020-Q2,2020,2,AI,Middle East & Africa,40252945.9,12402065.42,49093,71.32,1663301,27850880.48,69.19,88,-22.26,9.86,224.57,3.25,24.2,4.62,6,88.14,46016844.78,31552350.59,51780743.66,5234669.24,92033689.55,63104701.18,14.29,1.0
2020-07-01,2020-Q3,2020,3,AI,Middle East & Africa,40058282.61,23221454.47,18175,95.28,1791651,16836828.14,42.03,75,-0.48,13.64,72.51,1.73,22.36,7.72,18,92.11,44030657.39,26647176.44,46016844.78,9267312.52,132091972.16,79941529.32,100.0,7.0
2020-10-01,2020-Q4,2020,4,AI,Middle East & Africa,59810653.63,37520361.48,34752,73.83,236259,22290292.15,37.27,96,49.31,17.82,59.41,1.59,253.16,-86.81,10,91.61,47975656.45,25557955.37,44030657.39,7874071.23,191902625.79,102231821.47,85.71,6.0
2021-01-01,2021-Q1,2021,1,AI,Middle East & Africa,40221577.16,24265089.78,41387,85.82,731529,15956487.38,39.67,84,-32.75,12.96,65.76,1.66,54.98,209.63,58,69.39,45085864.82,20733622.04,47975656.45,5510130.3,40221577.16,15956487.38,85.71,6.0
2021-04-01,2021-Q2,2021,2,AI,Middle East & Africa,51496454.75,22327418.4,23740,96.83,1611545,29169036.35,56.64,88,28.03,15.95,130.64,2.31,31.95,120.3,47,65.49,47896742.04,21063161.0,45085864.82,6086900.44,91718031.91,45125523.73,28.57,2.0
2021-07-01,2021-Q3,2021,3,AI,Middle East & Africa,48351771.59,17929802.45,9612,93.52,1470491,30421969.13,62.92,94,-6.11,15.1,169.67,2.7,32.88,-8.75,11,65.09,49970114.28,24459446.25,47896742.04,6701677.83,140069803.49,75547492.86,42.86,3.0
2021-10-01,2021-Q4,2021,4,AI,Middle East & Africa,53131588.05,25448217.22,40203,75.91,1309417,27683370.83,52.1,77,9.89,10.81,108.78,2.09,40.58,-10.95,50,60.23,48300347.89,25807715.92,49970114.28,6662196.66,193201391.54,103230863.69,71.43,5.0
2022-01-01,2022-Q1,2022,1,AI,Middle East & Africa,47980623.77,28916707.37,15508,83.0,1711809,19063916.4,39.73,90,-9.69,13.76,65.93,1.66,28.03,30.73,90,77.98,50240109.54,26584573.18,48300347.89,5137207.16,47980623.77,19063916.4,71.43,5.0
2022-04-01,2022-Q2,2022,2,AI,Middle East & Africa,41064887.31,23205487.48,13227,90.69,1230527,17859399.84,43.49,81,-14.41,10.97,76.96,1.77,33.37,-28.12,60,71.94,47632217.68,23757164.05,50240109.54,6235514.49,89045511.08,36923316.23,57.14,4.0
2022-07-01,2022-Q3,2022,3,AI,Middle East & Africa,59921320.14,41032925.77,8230,82.74,935253,18888394.37,31.52,78,45.92,19.62,46.03,1.46,64.07,-24.0,40,83.96,50524604.82,20873770.36,47632217.68,4570717.57,148966831.22,55811710.61,100.0,7.0
2022-10-01,2022-Q4,2022,4,AI,Middle East & Africa,88235250.62,60205560.62,17306,86.81,1104907,28029690.0,31.77,79,47.25,20.78,46.56,1.47,79.86,18.14,13,81.18,59300520.46,20960350.15,50524604.82,4742746.06,237202081.85,83841400.61,100.0,7.0
2023-01-01,2023-Q1,2023,1,AI,Middle East & Africa,71391048.65,43159568.2,5058,87.64,1411216,28231480.45,39.54,87,-19.09,24.32,65.41,1.65,50.59,27.72,26,99.31,65153126.68,23252241.17,59300520.46,5649269.5,71391048.65,28231480.45,71.43,5.0
2023-04-01,2023-Q2,2023,2,AI,Middle East & Africa,29695691.67,17282823.05,10909,87.33,1047862,12412868.62,41.8,71,-58.4,7.13,71.82,1.72,28.34,-25.75,93,83.26,62310827.77,21890608.36,65153126.68,7675411.43,101086740.32,40644349.07,100.0,7.0
2023-07-01,2023-Q3,2023,3,AI,Middle East & Africa,82385342.14,40538693.59,39786,79.24,1550657,41846648.56,50.79,89,177.43,24.08,103.23,2.03,53.13,47.98,15,95.9,67926833.27,27630171.91,62310827.77,12030457.38,183472082.46,82490997.63,42.86,3.0
2023-10-01,2023-Q4,2023,4,AI,Middle East & Africa,88545633.95,32834409.37,35165,86.62,1003293,55711224.58,62.92,71,7.48,15.56,169.67,2.7,88.26,-35.3,64,81.15,68004429.1,34550555.55,67926833.27,18538381.62,272017716.41,138202222.21,42.86,3.0
2024-01-01,2024-Q1,2024,1,AI,Middle East & Africa,40510922.87,24930258.67,46479,91.92,1195112,15580664.2,38.46,79,-54.25,10.15,62.5,1.62,33.9,19.12,1,98.75,60284397.66,31387851.49,68004429.1,20903987.34,40510922.87,15580664.2,42.86,3.0
2024-04-01,2024-Q2,2024,2,AI,Middle East & Africa,94426635.28,43628191.21,47981,89.69,1470236,50798444.06,53.8,81,133.09,20.35,116.43,2.16,64.23,23.02,52,62.81,76467133.56,40984245.35,60284397.66,17881909.74,134937558.14,66379108.26,42.86,3.0
2024-07-01,2024-Q3,2024,3,AI,Middle East & Africa,36107354.2,21350772.62,16105,78.09,1353962,14756581.57,40.87,76,-61.76,7.71,69.11,1.69,26.67,-7.91,97,91.02,64897636.57,34211728.6,76467133.56,22082925.26,171044912.34,81135689.84,100.0,7.0
2024-10-01,2024-Q4,2024,4,AI,Middle East & Africa,57820567.1,24706675.52,38995,74.58,1661413,33113891.57,57.27,81,60.14,10.05,134.03,2.34,34.8,22.71,6,64.35,57216369.86,28562395.35,64897636.57,17071260.62,228865479.44,114249581.41,57.14,4.0
2020-01-01,2020-Q1,2020,1,Android,Middle East & Africa,64774796.84,25557235.81,29708,86.49,798490,39217561.03,60.54,81,0.0,18.39,153.45,2.53,81.12,0.0,32,91.64,64774796.84,39217561.03,64774796.84,0.0,64774796.84,39217561.03,42.86,3.0
2020-04-01,2020-Q2,2020,2,Android,Middle East & Africa,53746217.02,36998306.75,30358,83.43,1371179,16747910.27,31.16,78,-17.03,13.16,45.27,1.45,39.2,71.72,51,94.67,59260506.93,27982735.65,64774796.84,15888442.42,118521013.87,55965471.3,100.0,7.0
2020-07-01,2020-Q3,2020,3,Android,Middle East & Africa,22541403.45,10573738.59,34116,86.86,203392,11967664.87,53.09,85,-58.06,7.67,113.18,2.13,110.83,-85.17,82,78.9,47020805.77,22644378.72,59260506.93,14550445.54,141062417.32,67933136.17,57.14,4.0
2020-10-01,2020-Q4,2020,4,Android,Middle East & Africa,65038978.66,41831371.18,15110,95.28,1307093,23207607.48,35.68,78,188.53,19.38,55.48,1.55,49.76,542.65,29,60.18,51525349.0,22785185.91,47020805.77,11883726.28,206101395.98,91140743.65,100.0,7.0
2021-01-01,2021-Q1,2021,1,Android,Middle East & Africa,54751867.4,22138041.46,25349,95.8,207581,32613825.93,59.57,85,-15.82,17.65,147.32,2.47,263.76,-84.12,31,88.35,49019616.63,21134252.14,51525349.0,8932072.06,54751867.4,32613825.93,42.86,3.0
2021-04-01,2021-Q2,2021,2,Android,Middle East & Africa,30929492.71,19439369.87,20611,87.64,1187052,11490122.84,37.15,87,-43.51,9.58,59.11,1.59,26.06,471.85,26,83.24,43315435.56,19819805.28,49019616.63,10102869.01,85681360.1,44103948.77,85.71,6.0
2021-07-01,2021-Q3,2021,3,Android,Middle East & Africa,66357745.84,35371785.29,36388,88.86,1204038,30985960.56,46.7,90,114.55,20.73,87.6,1.88,55.11,1.43,70,71.78,54269521.15,24574379.2,43315435.56,9640313.08,152039105.94,75089909.33,85.71,6.0
2021-10-01,2021-Q4,2021,4,Android,Middle East & Africa,64911642.06,33023794.33,16750,81.26,1665678,31887847.73,49.13,77,-2.18,13.21,96.56,1.97,38.97,38.34,5,85.17,54237687.0,26744439.26,54269521.15,10191320.21,216950748.0,106977757.05,85.71,6.0
2022-01-01,2022-Q1,2022,1,Android,Middle East & Africa,22230444.23,10498920.44,43833,77.63,848556,11731523.79,52.77,88,-65.75,6.37,111.74,2.12,26.2,-49.06,9,70.17,46107331.21,21523863.73,54237687.0,11452937.3,22230444.23,11731523.79,42.86,3.0
2022-04-01,2022-Q2,2022,2,Android,Middle East & Africa,62619119.48,30787049.64,45773,93.62,248540,31832069.84,50.83,96,181.68,16.73,103.39,2.03,251.95,-70.71,74,67.27,54029737.9,26609350.48,46107331.21,9927130.73,84849563.71,43563593.63,42.86,3.0
2022-07-01,2022-Q3,2022,3,Android,Middle East & Africa,43827916.08,16785626.76,14951,75.09,599200,27042289.33,61.7,88,-30.01,14.35,161.1,2.61,73.14,141.09,67,92.48,48397280.46,25623432.67,54029737.9,9535693.62,128677479.79,70605882.96,42.86,3.0
2022-10-01,2022-Q4,2022,4,Android,Middle East & Africa,82189257.53,34667690.82,38342,75.7,1828680,47521566.71,57.82,100,87.53,19.36,137.08,2.37,44.94,205.19,26,77.57,52716684.33,29531862.42,48397280.46,14741895.45,210866737.32,118127449.67,42.86,3.0
2023-01-01,2023-Q1,2023,1,Android,Middle East & Africa,21275572.83,13103836.02,39009,78.47,1156496,8171736.81,38.41,90,-74.11,7.25,62.36,1.62,18.4,-36.76,86,88.86,52477966.48,28641915.67,52716684.33,16209105.81,21275572.83,8171736.81,85.71,6.0
2023-04-01,2023-Q2,2023,2,Android,Middle East & Africa,45116313.38,25464789.94,29635,93.7,1531494,19651523.44,43.56,83,112.06,10.84,77.17,1.77,29.46,32.43,37,60.9,48102264.96,25596779.07,52477966.48,16550568.72,66391886.21,27823260.25,85.71,6.0
2023-07-01,2023-Q3,2023,3,Android,Middle East & Africa,55641746.03,32595075.41,28433,78.75,1869914,23046670.62,41.42,98,23.33,16.26,70.71,1.71,29.76,22.1,70,60.01,51055722.44,24597874.4,48102264.96,16554820.91,122033632.25,50869930.88,57.14,4.0
2023-10-01,2023-Q4,2023,4,Android,Middle East & Africa,107991277.16,43683012.33,17470,80.2,415759,64308264.84,59.55,70,94.08,18.97,147.22,2.47,259.74,-77.77,84,80.51,57506227.35,28794548.93,51055722.44,24516371.52,230024909.41,115178195.71,57.14,4.0
2024-01-01,2024-Q1,2024,1,Android,Middle East & Africa,42948540.67,26955847.41,41813,73.26,888606,15992693.26,37.24,90,-60.23,10.77,59.33,1.59,48.33,113.73,20,95.18,62924469.31,30749788.04,57506227.35,22556984.92,42948540.67,15992693.26,71.43,5.0
2024-04-01,2024-Q2,2024,2,Android,Middle East & Africa,35213413.54,24303644.22,49115,76.24,1365006,10909769.33,30.98,97,-18.01,7.59,44.89,1.45,25.8,53.61,81,93.42,60448744.35,28564349.51,62924469.31,24343397.5,78161954.21,26902462.59,100.0,7.0
2024-07-01,2024-Q3,2024,3,Android,Middle East & Africa,37442182.98,15165196.89,41964,97.98,1720580,22276986.09,59.5,99,6.33,8.0,146.9,2.47,21.76,26.05,25,98.27,55898853.59,28371928.38,60448744.35,24404515.02,115604137.19,49179448.67,28.57,2.0
2024-10-01,2024-Q4,2024,4,Android,Middle East & Africa,101029608.81,41520907.69,35207,80.86,187384,59508701.13,58.9,87,169.83,17.57,143.32,2.43,539.16,-89.11,90,65.08,54158436.5,27172037.45,55898853.59,22053423.37,216633746.01,108688149.8,42.86,3.0
2020-01-01,2020-Q1,2020,1,Cloud,Middle East & Africa,41700294.21,17324176.67,11637,95.09,1835179,24376117.54,58.46,87,0.0,11.84,140.71,2.41,22.72,0.0,87,89.69,41700294.21,24376117.54,41700294.21,0.0,41700294.21,24376117.54,71.43,5.0
2020-04-01,2020-Q2,2020,2,Cloud,Middle East & Africa,73123207.5,33348070.25,31956,87.21,899675,39775137.25,54.39,82,75.35,17.91,119.27,2.19,81.28,-50.98,90,90.34,57411750.85,32075627.39,41700294.21,10888751.26,114823501.71,64151254.79,57.14,4.0
2020-07-01,2020-Q3,2020,3,Cloud,Middle East & Africa,50054104.47,19603219.95,21765,76.63,467832,30450884.52,60.84,84,-31.55,17.04,155.34,2.55,106.99,-48.0,37,61.37,54959202.06,31534046.43,57411750.85,7756441.31,164877606.18,94602139.3,28.57,2.0
2020-10-01,2020-Q4,2020,4,Cloud,Middle East & Africa,24237208.54,12296585.5,16966,95.48,644177,11940623.03,49.27,91,-51.58,7.22,97.11,1.97,37.63,37.69,1,83.04,47278703.68,26635690.58,54959202.06,11665496.76,189114814.72,106542762.34,42.86,3.0
2021-01-01,2021-Q1,2021,1,Cloud,Middle East & Africa,55556919.44,23168326.71,18851,79.27,1913172,32388592.73,58.3,83,129.22,17.91,139.8,2.4,29.04,196.99,11,70.34,50742859.99,28638809.38,47278703.68,11834859.77,55556919.44,32388592.73,71.43,5.0
2021-04-01,2021-Q2,2021,2,Cloud,Middle East & Africa,52267707.07,31492685.94,13732,89.36,1505466,20775021.13,39.75,84,-5.92,16.19,65.97,1.66,34.72,-21.31,51,68.0,45528984.88,23888780.35,50742859.99,9447433.18,107824626.51,53163613.86,71.43,5.0
2021-07-01,2021-Q3,2021,3,Cloud,Middle East & Africa,36611628.05,14141777.98,30614,74.17,1385846,22469850.07,61.37,100,-29.95,11.44,158.89,2.59,26.42,-7.95,8,69.8,42168365.77,21893521.74,45528984.88,8382320.79,144436254.56,75633463.93,57.14,4.0
2021-10-01,2021-Q4,2021,4,Cloud,Middle East & Africa,97351514.66,39736720.83,16523,83.63,1950899,57614793.83,59.18,83,165.9,19.82,144.99,2.45,49.9,40.77,22,86.29,60446942.3,33312064.44,42168365.77,16992219.03,241787769.21,133248257.76,28.57,2.0
2022-01-01,2022-Q1,2022,1,Cloud,Middle East & Africa,61725111.0,41872987.08,16293,85.01,620992,19852123.92,32.16,99,-36.6,17.7,47.41,1.47,99.4,-68.17,41,85.78,61988990.19,30177947.24,60446942.3,18323327.2,61725111.0,19852123.92,100.0,7.0
2022-04-01,2022-Q2,2022,2,Cloud,Middle East & Africa,51156227.43,19475353.79,48484,94.05,1200751,31680873.65,61.93,96,-17.12,13.67,162.67,2.63,42.6,93.36,49,83.19,61711120.29,32904410.37,61988990.19,17236998.22,112881338.44,51532997.57,28.57,2.0
2022-07-01,2022-Q3,2022,3,Cloud,Middle East & Africa,36368328.52,23218094.87,43509,94.4,589796,13150233.65,36.16,88,-28.91,11.91,56.64,1.57,61.66,-50.88,21,86.92,61650295.4,30574506.26,61711120.29,19587206.37,149249666.96,64683231.22,71.43,5.0
2022-10-01,2022-Q4,2022,4,Cloud,Middle East & Africa,95443516.95,39662254.82,41484,94.38,619209,55781262.14,58.44,91,162.44,22.48,140.64,2.41,154.14,4.99,94,93.79,61173295.98,30116123.34,61650295.4,18746900.99,244693183.91,120464493.36,28.57,2.0
2023-01-01,2023-Q1,2023,1,Cloud,Middle East & Africa,29712097.22,19462136.53,23450,76.38,309146,10249960.68,34.5,71,-68.87,10.12,52.67,1.53,96.11,-50.07,23,79.14,53170042.53,27715582.53,61173295.98,20980969.47,29712097.22,10249960.68,100.0,7.0
2023-04-01,2023-Q2,2023,2,Cloud,Middle East & Africa,71655652.23,32123329.65,32833,85.42,1053945,39532322.58,55.17,71,141.17,17.21,123.06,2.23,67.99,240.92,39,77.89,58294898.73,29678444.76,53170042.53,21825854.23,101367749.44,49782283.26,57.14,4.0
2023-07-01,2023-Q3,2023,3,Cloud,Middle East & Africa,33824602.01,10710117.41,13688,71.55,1289894,23114484.6,68.34,70,-52.8,9.89,215.82,3.16,26.22,22.39,77,86.18,57658967.1,32169507.5,58294898.73,19783713.63,135192351.46,72896767.86,14.29,1.0
2023-10-01,2023-Q4,2023,4,Cloud,Middle East & Africa,80326069.02,26199932.99,13479,74.28,1156162,54126136.03,67.38,98,137.48,14.11,206.59,3.07,69.48,-10.37,26,68.82,53879605.12,31755725.97,57658967.1,19131820.74,215518420.47,127022903.89,28.57,2.0
2024-01-01,2024-Q1,2024,1,Cloud,Middle East & Africa,62616616.61,38939116.25,48938,70.88,866897,23677500.35,37.81,87,-22.05,15.7,60.81,1.61,72.23,-25.02,64,76.27,62105734.97,35112610.89,53879605.12,14784730.6,62616616.61,23677500.35,57.14,4.0
2024-04-01,2024-Q2,2024,2,Cloud,Middle East & Africa,41056125.05,14978689.68,13486,85.26,112923,26077435.37,63.52,77,-34.43,8.85,174.1,2.74,363.58,-86.97,86,83.64,54455853.17,31748889.09,62105734.97,14973385.55,103672741.66,49754935.73,28.57,2.0
2024-07-01,2024-Q3,2024,3,Cloud,Middle East & Africa,89069700.32,28505390.62,12001,98.22,272727,60564309.7,68.0,92,116.95,19.03,212.47,3.12,326.59,141.52,3,82.56,68267127.75,41111345.36,54455853.17,18953979.34,192742441.98,110319245.43,14.29,1.0
2024-10-01,2024-Q4,2024,4,Cloud,Middle East & Africa,71125215.15,32526449.69,42670,98.05,1270341,38598765.46,54.27,82,-20.15,12.37,118.67,2.19,55.99,365.79,78,73.38,65966914.28,37229502.72,68267127.75,16876151.53,263867657.13,148918010.89,85.71,6.0
2020-01-01,2020-Q1,2020,1,Hardware,Middle East & Africa,40315499.29,18366116.58,45825,88.61,749150,21949382.71,54.44,78,0.0,11.45,119.51,2.2,53.81,0.0,26,91.85,40315499.29,21949382.71,40315499.29,0.0,40315499.29,21949382.71,85.71,6.0
2020-04-01,2020-Q2,2020,2,Hardware,Middle East & Africa,72045456.42,40461119.52,36428,84.92,765913,31584336.9,43.84,97,78.7,17.64,78.06,1.78,94.06,2.24,59,65.53,56180477.85,26766859.8,40315499.29,6812941.45,112360955.71,53533719.61,71.43,5.0
2020-07-01,2020-Q3,2020,3,Hardware,Middle East & Africa,68045916.74,32821841.32,25018,81.5,725828,35224075.42,51.77,89,-5.55,23.17,107.32,2.07,93.75,-5.23,84,85.16,60135624.15,29585931.68,56180477.85,6859269.95,180406872.45,88757795.03,71.43,5.0
2020-10-01,2020-Q4,2020,4,Hardware,Middle East & Africa,30082935.83,17958519.42,27686,94.38,886666,12124416.41,40.3,99,-55.79,8.96,67.51,1.68,33.93,22.16,31,85.23,52622452.07,25220552.86,60135624.15,10372681.35,210489808.28,100882211.44,71.43,5.0
2021-01-01,2021-Q1,2021,1,Hardware,Middle East & Africa,29237157.5,11847082.57,47469,95.56,1152200,17390074.93,59.48,86,-2.81,9.42,146.79,2.47,25.38,29.95,36,79.24,49852866.62,24080725.92,52622452.07,11078456.02,29237157.5,17390074.93,57.14,4.0
2021-04-01,2021-Q2,2021,2,Hardware,Middle East & Africa,50649326.89,23841772.86,41211,76.82,1808330,26807554.03,52.93,100,73.24,15.68,112.44,2.12,28.01,56.95,78,62.65,44503834.24,22886530.2,49852866.62,10224538.52,79886484.4,44197628.96,42.86,3.0
2021-07-01,2021-Q3,2021,3,Hardware,Middle East & Africa,23300854.07,7330343.07,7391,72.71,1566914,15970511.0,68.54,82,-54.0,7.28,217.87,3.18,14.87,-13.35,70,68.03,33317568.57,18073139.09,44503834.24,6233375.95,103187338.46,60168139.96,28.57,2.0
2021-10-01,2021-Q4,2021,4,Hardware,Middle East & Africa,92172693.71,41836220.75,38924,94.48,1874128,50336472.96,54.61,100,295.58,18.76,120.32,2.2,49.18,19.61,41,65.6,48840008.04,27626153.23,33317568.57,15885633.15,195360032.17,110504612.92,57.14,4.0
2022-01-01,2022-Q1,2022,1,Hardware,Middle East & Africa,52421854.26,16024214.27,41687,76.71,1456043,36397639.99,69.43,85,-43.13,15.03,227.14,3.27,36.0,-22.31,11,99.81,54636182.23,32378044.49,48840008.04,14593375.44,52421854.26,36397639.99,14.29,1.0
2022-04-01,2022-Q2,2022,2,Hardware,Middle East & Africa,26202690.79,8345908.8,23391,98.01,1403001,17856781.99,68.15,75,-50.02,7.0,213.96,3.14,18.68,-3.64,98,84.24,48524523.21,30140351.48,54636182.23,16316734.16,78624545.05,54254421.97,14.29,1.0
2022-07-01,2022-Q3,2022,3,Hardware,Middle East & Africa,42295766.44,12995481.02,31788,92.53,858994,29300285.42,69.27,95,61.42,13.85,225.47,3.25,49.24,-38.77,58,86.27,53273251.3,33472795.09,48524523.21,13591762.84,120920311.48,83554707.39,14.29,1.0
2022-10-01,2022-Q4,2022,4,Hardware,Middle East & Africa,42271069.62,16510902.88,31875,84.14,1567125,25760166.74,60.94,71,-0.06,9.96,156.02,2.56,26.97,82.44,78,99.42,40797845.28,27328718.53,53273251.3,7709525.47,163191381.1,109314874.13,14.29,1.0
2023-01-01,2023-Q1,2023,1,Hardware,Middle East & Africa,19021447.74,7468652.52,24736,87.63,1836485,11552795.22,60.74,71,-55.0,6.48,154.68,2.55,10.36,17.19,50,63.91,32447743.65,21117507.34,40797845.28,7971369.42,19021447.74,11552795.22,14.29,1.0
2023-04-01,2023-Q2,2023,2,Hardware,Middle East & Africa,88435649.39,45477810.34,33557,75.13,566164,42957839.05,48.58,97,364.93,21.24,94.46,1.94,156.2,-69.17,5,75.15,48005983.3,27392771.61,32447743.65,12903231.95,107457097.13,54510634.27,71.43,5.0
2023-07-01,2023-Q3,2023,3,Hardware,Middle East & Africa,50271939.43,35048537.53,47111,94.07,1290655,15223401.91,30.28,99,-43.15,14.69,43.44,1.43,38.95,127.96,82,93.37,50000026.54,23873550.73,48005983.3,14075930.66,157729036.56,69734036.18,100.0,7.0
2023-10-01,2023-Q4,2023,4,Hardware,Middle East & Africa,95196879.58,58286853.06,10777,91.78,1135554,36910026.52,38.77,81,89.36,16.72,63.32,1.63,83.83,-12.02,15,66.22,63231479.04,26661015.67,50000026.54,15596003.86,252925916.14,106644062.7,100.0,7.0
2024-01-01,2024-Q1,2024,1,Hardware,Middle East & Africa,58857348.07,35318649.49,19782,77.83,1955554,23538698.58,39.99,73,-38.17,14.75,66.65,1.67,30.1,72.21,26,67.99,73190454.12,29657491.52,63231479.04,12586779.82,58857348.07,23538698.58,28.57,2.0
2024-04-01,2024-Q2,2024,2,Hardware,Middle East & Africa,70782558.87,38280902.89,17426,93.19,1226813,32501655.98,45.92,70,20.26,15.26,84.9,1.85,57.7,-37.27,86,62.1,68777181.49,27043445.75,73190454.12,9646038.29,129639906.94,56040354.57,71.43,5.0
2024-07-01,2024-Q3,2024,3,Hardware,Middle East & Africa,92223859.2,45922293.13,25267,93.01,427451,46301566.07,50.21,79,30.29,19.7,100.83,2.01,215.75,-65.16,28,83.01,79265161.43,34812986.79,68777181.49,9466376.54,221863766.15,102341920.64,57.14,4.0
2024-10-01,2024-Q4,2024,4,Hardware,Middle East & Africa,97140871.51,65260995.47,39964,71.45,1386880,31879876.05,32.82,90,5.33,16.89,48.85,1.49,70.04,224.45,75,83.31,79751159.42,33555449.17,79265161.43,9428976.86,319004637.66,134221796.69,100.0,7.0
2020-01-01,2020-Q1,2020,1,Maps,Middle East & Africa,53525756.37,34973938.19,26309,79.24,907570,18551818.18,34.66,92,0.0,15.2,53.04,1.53,58.98,0.0,7,73.93,53525756.37,18551818.18,53525756.37,0.0,53525756.37,18551818.18,100.0,7.0
2020-04-01,2020-Q2,2020,2,Maps,Middle East & Africa,44789456.28,30388701.57,9838,92.82,1709466,14400754.71,32.15,100,-16.32,10.97,47.39,1.47,26.2,88.36,29,75.24,49157606.33,16476286.44,53525756.37,2935245.13,98315212.66,32952572.89,85.71,6.0
2020-07-01,2020-Q3,2020,3,Maps,Middle East & Africa,68123561.2,35489036.22,26473,84.7,475973,32634524.98,47.9,87,52.1,23.19,91.96,1.92,143.12,-72.16,100,75.65,55479591.28,21862365.96,49157606.33,9557059.67,166438773.85,65587097.87,85.71,6.0
2020-10-01,2020-Q4,2020,4,Maps,Middle East & Africa,26588837.98,14281944.13,20012,87.12,862241,12306893.85,46.29,89,-60.97,7.92,86.17,1.86,30.84,81.15,65,66.15,48256902.96,19473497.93,55479591.28,9149773.48,193027611.84,77893991.72,57.14,4.0
2021-01-01,2021-Q1,2021,1,Maps,Middle East & Africa,67979581.84,24889504.76,7081,97.78,866367,43090077.08,63.39,72,155.67,21.91,173.13,2.73,78.47,0.48,92,74.22,51870359.33,25608062.65,48256902.96,14804468.29,67979581.84,43090077.08,14.29,1.0
2021-04-01,2021-Q2,2021,2,Maps,Middle East & Africa,64572462.81,44801952.5,17982,86.01,1354883,19770510.31,30.62,78,-5.01,20.0,44.13,1.44,47.66,56.39,69,84.82,56816110.96,26950501.56,51870359.33,13647729.25,132552044.65,62860587.39,100.0,7.0
2021-07-01,2021-Q3,2021,3,Maps,Middle East & Africa,33485342.28,17782205.91,12644,93.42,1488034,15703136.37,46.9,75,-48.14,10.46,88.31,1.88,22.5,9.83,33,77.05,48156556.23,22717654.4,56816110.96,13920113.3,166037386.93,78563723.77,71.43,5.0
2021-10-01,2021-Q4,2021,4,Maps,Middle East & Africa,65660719.23,28265364.88,10680,75.86,1034130,37395354.35,56.95,71,96.09,13.37,132.3,2.32,63.49,-30.5,92,97.46,57924526.54,28989769.53,48156556.23,13304158.38,231698106.17,115959078.12,42.86,3.0
2022-01-01,2022-Q1,2022,1,Maps,Middle East & Africa,27084671.29,12214052.31,42272,76.45,936149,14870618.98,54.9,72,-58.75,7.77,121.75,2.22,28.93,-9.47,14,62.71,47700798.9,21934905.0,57924526.54,10526936.49,27084671.29,14870618.98,28.57,2.0
2022-04-01,2022-Q2,2022,2,Maps,Middle East & Africa,90474341.65,58741622.39,13148,74.08,1297272,31732719.26,35.07,75,234.04,24.17,54.02,1.54,69.74,38.58,1,72.7,54176268.61,24925457.24,47700798.9,11372307.37,117559012.94,46603338.24,100.0,7.0
2022-07-01,2022-Q3,2022,3,Maps,Middle East & Africa,37262182.09,25021916.74,30037,78.95,783811,12240265.35,32.85,86,-58.81,12.2,48.92,1.49,47.54,-39.58,12,86.41,55120478.56,24059739.49,54176268.61,12394261.4,154821195.02,58843603.59,85.71,6.0
2022-10-01,2022-Q4,2022,4,Maps,Middle East & Africa,29059740.15,17208070.19,25075,75.41,1037817,11851669.96,40.78,96,-22.01,6.85,68.87,1.69,28.0,32.41,63,69.03,45970233.79,17673818.39,55120478.56,9468043.3,183880935.17,70695273.55,71.43,5.0
2023-01-01,2023-Q1,2023,1,Maps,Middle East & Africa,68856151.49,38015576.69,27849,94.48,261026,30840574.8,44.79,83,136.95,23.46,81.13,1.81,263.79,-74.85,1,96.69,56413103.84,21666307.34,45970233.79,11115712.71,68856151.49,30840574.8,57.14,4.0
2023-04-01,2023-Q2,2023,2,Maps,Middle East & Africa,49108991.99,19667284.59,14610,79.86,523468,29441707.4,59.95,91,-28.68,11.8,149.7,2.5,93.81,100.54,57,93.43,46071766.43,21093554.38,56413103.84,10464053.08,117965143.48,60282282.2,42.86,3.0
2023-07-01,2023-Q3,2023,3,Maps,Middle East & Africa,46563927.84,27687084.32,10979,70.48,248903,18876843.52,40.54,90,-5.18,13.61,68.18,1.68,187.08,-52.45,69,93.48,48397202.87,22752698.92,46071766.43,9018707.56,164529071.32,79159125.72,71.43,5.0
2023-10-01,2023-Q4,2023,4,Maps,Middle East & Africa,40147644.64,23605879.94,19364,89.33,127418,16541764.7,41.2,94,-13.78,7.05,70.07,1.7,315.09,-48.81,34,94.95,51169178.99,23925222.61,48397202.87,7263040.74,204676715.96,95700890.42,85.71,6.0
2024-01-01,2024-Q1,2024,1,Maps,Middle East & Africa,42223271.77,19974704.3,36809,89.48,878041,22248567.47,52.69,89,5.17,10.58,111.38,2.11,48.09,589.1,80,86.42,44510959.06,21777220.77,51169178.99,5621053.03,42223271.77,22248567.47,14.29,1.0
2024-04-01,2024-Q2,2024,2,Maps,Middle East & Africa,67533097.84,46323115.84,23458,83.12,822607,21209982.0,31.41,96,59.94,14.56,45.79,1.46,82.1,-6.31,66,84.84,49116985.52,19719289.42,44510959.06,2544653.89,109756369.61,43458549.47,85.71,6.0
2024-07-01,2024-Q3,2024,3,Maps,Middle East & Africa,78121501.81,32643918.49,20300,99.09,623125,45477583.32,58.21,77,15.68,16.69,139.31,2.39,125.37,-24.25,38,65.13,57006379.02,26369474.37,49116985.52,12978263.11,187877871.43,88936132.79,42.86,3.0
2024-10-01,2024-Q4,2024,4,Maps,Middle East & Africa,34216468.07,12082231.04,30142,81.94,1094240,22134237.03,64.69,75,-56.2,5.95,183.2,2.83,31.27,75.61,62,89.87,55523584.87,27767592.46,57006379.02,11815813.72,222094339.5,111070369.82,14.29,1.0
2020-01-01,2020-Q1,2020,1,Search,Middle East & Africa,53399743.62,21005955.02,29966,97.17,1520588,32393788.6,60.66,76,0.0,15.16,154.21,2.54,35.12,0.0,3,89.59,53399743.62,32393788.6,53399743.62,0.0,53399743.62,32393788.6,28.57,2.0
2020-04-01,2020-Q2,2020,2,Search,Middle East & Africa,50669118.93,20688475.19,28346,76.4,1517774,29980643.74,59.17,71,-5.11,12.41,144.91,2.45,33.38,-0.19,27,60.79,52034431.28,31187216.17,53399743.62,1706351.1,104068862.55,62374432.34,42.86,3.0
2020-07-01,2020-Q3,2020,3,Search,Middle East & Africa,24629280.98,8556958.13,11393,85.46,1139627,16072322.85,65.26,81,-51.39,8.39,187.83,2.88,21.61,-24.91,21,71.92,42899381.18,26148918.4,52034431.28,8809605.58,128698143.53,78446755.19,14.29,1.0
2020-10-01,2020-Q4,2020,4,Search,Middle East & Africa,98658203.33,36460461.54,14686,85.59,1031828,62197741.8,63.04,97,300.57,29.4,170.59,2.71,95.61,-9.46,92,65.09,56839086.72,35161124.25,42899381.18,19406670.26,227356346.87,140644496.99,14.29,1.0
2021-01-01,2021-Q1,2021,1,Search,Middle East & Africa,18506955.51,6839087.87,33375,93.0,1045167,11667867.64,63.05,84,-81.24,5.97,170.61,2.71,17.71,1.29,26,77.7,48115889.69,29979644.01,56839086.72,22852720.93,18506955.51,11667867.64,28.57,2.0
2021-04-01,2021-Q2,2021,2,Search,Middle East & Africa,39797772.3,20153883.61,22721,92.97,1070091,19643888.68,49.36,70,115.04,12.32,97.47,1.97,37.19,2.38,24,75.72,45398053.03,27395455.24,48115889.69,23429726.65,58304727.81,31311756.33,57.14,4.0
2021-07-01,2021-Q3,2021,3,Search,Middle East & Africa,75182753.8,46694282.09,38151,79.92,1314116,28488471.71,37.89,71,88.91,23.49,61.01,1.61,57.21,22.8,59,87.3,58036421.23,30499492.46,45398053.03,22220841.88,133487481.6,59800228.03,100.0,7.0
2021-10-01,2021-Q4,2021,4,Search,Middle East & Africa,47324645.29,32577348.89,22399,92.69,1043773,14747296.4,31.16,91,-37.05,9.63,45.27,1.45,45.34,-20.57,58,67.06,45203031.72,18636881.11,58036421.23,7343112.86,180812126.89,74547524.43,100.0,7.0
2022-01-01,2022-Q1,2022,1,Search,Middle East & Africa,80831902.67,38423207.02,34777,79.58,1555671,42408695.65,52.47,82,70.8,23.17,110.37,2.1,51.96,49.04,100,81.58,60784268.51,26322088.11,45203031.72,12138730.18,80831902.67,42408695.65,57.14,4.0
2022-04-01,2022-Q2,2022,2,Search,Middle East & Africa,22132839.53,14223378.48,36952,80.03,1824355,7909461.05,35.74,89,-72.62,5.91,55.61,1.56,12.13,17.27,91,60.02,56368035.32,23388481.2,60784268.51,15297588.05,102964742.2,50318156.7,85.71,6.0
2022-07-01,2022-Q3,2022,3,Search,Middle East & Africa,50816937.28,27860624.35,41196,93.56,566142,22956312.93,45.17,98,129.6,16.64,82.4,1.82,89.76,-68.97,61,62.73,50276581.19,22005441.51,56368035.32,14928432.29,153781679.48,73274469.63,57.14,4.0
2022-10-01,2022-Q4,2022,4,Search,Middle East & Africa,37276273.01,17918550.25,39625,77.36,672170,19357722.76,51.93,99,-26.65,8.78,108.03,2.08,55.46,18.73,85,91.14,47764488.12,23158048.1,50276581.19,14347938.39,191057952.49,92632192.4,57.14,4.0
2023-01-01,2023-Q1,2023,1,Search,Middle East & Africa,58763706.85,29041600.99,45809,99.53,398517,29722105.86,50.58,88,57.64,20.02,102.34,2.02,147.46,-40.71,36,77.4,42247439.17,19986400.65,47764488.12,9126007.54,58763706.85,29722105.86,28.57,2.0
2023-04-01,2023-Q2,2023,2,Search,Middle East & Africa,70039446.83,27901573.61,7512,76.21,155915,42137873.22,60.16,76,19.19,16.82,151.02,2.51,449.22,-60.88,22,98.98,54224090.99,28543503.69,42247439.17,10029809.86,128803153.68,71859979.07,28.57,2.0
2023-07-01,2023-Q3,2023,3,Search,Middle East & Africa,36665302.65,22626212.78,43509,93.26,365057,14039089.87,38.29,86,-47.65,10.72,62.05,1.62,100.44,134.14,84,68.87,50686182.33,26314197.93,54224090.99,12397222.28,165468456.33,85899068.94,85.71,6.0
2023-10-01,2023-Q4,2023,4,Search,Middle East & Africa,69070977.88,21386500.41,18726,87.2,796445,47684477.46,69.04,96,88.38,12.13,222.97,3.23,86.72,118.17,13,64.82,58634858.55,33395886.6,50686182.33,14930599.49,234539434.2,133583546.41,14.29,1.0
2024-01-01,2024-Q1,2024,1,Search,Middle East & Africa,72400464.32,46011010.58,7523,83.68,364966,26389453.73,36.45,83,4.82,18.15,57.35,1.57,198.38,-54.18,12,99.84,62044047.92,32562723.57,58634858.55,15292538.46,72400464.32,26389453.73,85.71,6.0
2024-04-01,2024-Q2,2024,2,Search,Middle East & Africa,58134200.86,30292799.69,46249,88.85,617521,27841401.17,47.89,89,-19.7,12.53,91.91,1.92,94.14,69.2,91,90.7,59067736.42,28988605.56,62044047.92,13917558.62,130534665.17,54230854.9,57.14,4.0
2024-07-01,2024-Q3,2024,3,Search,Middle East & Africa,49111745.07,25366767.83,42187,83.63,1936376,23744977.24,48.35,78,-15.52,10.49,93.61,1.94,25.36,213.57,87,92.02,62179347.03,31415077.4,59067736.42,10978036.71,179646410.25,77975832.14,85.71,6.0
2024-10-01,2024-Q4,2024,4,Search,Middle East & Africa,104355488.98,41348527.26,47898,93.39,1835913,63006961.72,60.38,86,112.49,18.15,152.38,2.52,56.84,-5.19,89,64.37,71000474.81,35245698.47,62179347.03,18585038.92,284001899.22,140982793.86,28.57,2.0
2020-01-01,2020-Q1,2020,1,YouTube,Middle East & Africa,46704811.12,18872307.65,36400,94.0,651921,27832503.47,59.59,96,0.0,13.26,147.48,2.47,71.64,0.0,18,89.77,46704811.12,27832503.47,46704811.12,0.0,46704811.12,27832503.47,57.14,4.0
2020-04-01,2020-Q2,2020,2,YouTube,Middle East & Africa,73689303.06,28482936.47,47494,94.66,1598161,45206366.59,61.35,81,57.78,18.05,158.71,2.59,46.11,145.15,45,97.04,60197057.09,36519435.03,46704811.12,12285176.43,120394114.18,73038870.06,28.57,2.0
2020-07-01,2020-Q3,2020,3,YouTube,Middle East & Africa,20262150.03,8774993.8,18589,70.25,1210599,11487156.23,56.69,78,-72.5,6.9,130.91,2.31,16.74,-24.25,8,91.35,46885421.4,28175342.09,60197057.09,16862219.33,140656264.2,84526026.28,42.86,3.0
2020-10-01,2020-Q4,2020,4,YouTube,Middle East & Africa,31178288.84,11857813.77,7326,76.79,227566,19320475.07,61.97,95,53.87,9.29,162.93,2.63,137.01,-81.2,16,75.21,42958638.26,25961625.34,46885421.4,14462311.75,171834553.04,103846501.35,28.57,2.0
2021-01-01,2021-Q1,2021,1,YouTube,Middle East & Africa,43985417.73,29901323.47,6447,77.17,1806871,14084094.26,32.02,95,41.08,14.18,47.1,1.47,24.34,694.0,44,78.11,42278789.91,22524523.04,42958638.26,15468206.69,43985417.73,14084094.26,100.0,7.0
2021-04-01,2021-Q2,2021,2,YouTube,Middle East & Africa,33210599.59,13654096.14,10560,84.67,684761,19556503.45,58.89,77,-24.5,10.28,143.23,2.43,48.5,-62.1,71,71.0,32159114.05,16112057.25,42278789.91,3985828.98,77196017.32,33640597.71,14.29,1.0
2021-07-01,2021-Q3,2021,3,YouTube,Middle East & Africa,36821768.73,11420054.32,35188,98.0,373929,25401714.41,68.99,75,10.87,11.5,222.43,3.22,98.47,-45.39,82,82.64,36299018.72,19590696.8,32159114.05,4624744.54,114017786.06,59042312.12,14.29,1.0
2021-10-01,2021-Q4,2021,4,YouTube,Middle East & Africa,70731584.89,25138322.1,22465,94.16,952135,45593262.79,64.46,98,92.09,14.4,181.37,2.81,74.29,154.63,51,66.16,46187342.74,26158893.73,36299018.72,13755730.45,184749370.94,104635574.91,14.29,1.0
2022-01-01,2022-Q1,2022,1,YouTube,Middle East & Africa,56518852.15,34728906.99,38220,82.04,796593,21789945.16,38.55,85,-20.09,16.2,62.74,1.63,70.95,-16.34,13,69.37,49320701.34,28085356.45,46187342.74,11917805.39,56518852.15,21789945.16,85.71,6.0
2022-04-01,2022-Q2,2022,2,YouTube,Middle East & Africa,80707717.24,50584510.95,19852,98.32,510987,30123206.29,37.32,78,42.8,21.56,59.55,1.6,157.94,-35.85,15,68.2,61194980.75,30727032.16,49320701.34,10481729.37,137226569.38,51913151.45,71.43,5.0
2022-07-01,2022-Q3,2022,3,YouTube,Middle East & Africa,34879866.66,12188830.16,7911,70.88,1649219,22691036.5,65.05,100,-56.78,11.42,186.16,2.86,21.15,222.75,73,78.64,60709505.23,30049362.68,61194980.75,11014857.02,172106436.04,74604187.95,28.57,2.0
2022-10-01,2022-Q4,2022,4,YouTube,Middle East & Africa,50040300.36,31857830.53,17841,94.62,530988,18182469.83,36.34,86,43.46,11.79,57.07,1.57,94.24,-67.8,27,71.43,55536684.1,23196664.44,60709505.23,5011774.41,222146736.4,92786657.78,85.71,6.0
2023-01-01,2023-Q1,2023,1,YouTube,Middle East & Africa,24497350.01,12853474.05,44952,77.43,895235,11643875.95,47.53,75,-51.04,8.35,90.59,1.91,27.36,68.6,87,62.87,47531308.57,20660147.14,55536684.1,7769728.25,24497350.01,11643875.95,42.86,3.0
2023-04-01,2023-Q2,2023,2,YouTube,Middle East & Africa,62301825.67,23375354.88,14457,86.17,681139,38926470.8,62.48,77,154.32,14.96,166.53,2.67,91.47,-23.92,97,98.39,42929835.67,22860963.27,47531308.57,11631003.91,86799175.68,50570346.75,14.29,1.0
2023-07-01,2023-Q3,2023,3,YouTube,Middle East & Africa,36779760.44,18051161.96,10294,90.06,435053,18728598.49,50.92,88,-40.97,10.75,103.75,2.04,84.54,-36.13,84,89.17,43404809.12,21870353.77,42929835.67,11817544.74,123578936.12,69298945.24,28.57,2.0
2023-10-01,2023-Q4,2023,4,YouTube,Middle East & Africa,87919819.62,46865304.08,6852,80.35,1987027,41054515.54,46.7,80,139.04,15.45,87.6,1.88,44.25,356.73,39,93.44,52874688.94,27588365.19,43404809.12,14635710.29,211498755.74,110353460.78,71.43,5.0
2024-01-01,2024-Q1,2024,1,YouTube,Middle East & Africa,79399820.71,53049296.11,16061,71.75,1553092,26350524.6,33.19,74,-9.69,19.9,49.67,1.5,51.12,-21.84,22,66.69,66600306.61,31265027.36,52874688.94,10580582.54,79399820.71,26350524.6,100.0,7.0
2024-04-01,2024-Q2,2024,2,YouTube,Middle East & Africa,96821999.35,34824073.26,19900,99.6,1220830,61997926.09,64.03,91,21.94,20.87,178.03,2.78,79.31,-21.39,62,87.08,75230350.03,37032891.18,66600306.61,19048941.5,176221820.06,88348450.69,14.29,1.0
2024-07-01,2024-Q3,2024,3,YouTube,Middle East & Africa,86047321.51,42872472.37,25148,99.26,737606,43174849.15,50.18,92,-11.13,18.38,100.71,2.01,116.66,-39.58,100,63.18,87547240.3,43144453.84,75230350.03,14627123.67,262269141.57,131523299.83,71.43,5.0
2024-10-01,2024-Q4,2024,4,YouTube,Middle East & Africa,109409264.82,49252065.74,42850,95.0,830806,60157199.08,54.98,80,27.15,19.02,122.14,2.22,131.69,12.64,67,70.81,92919601.6,47920124.73,87547240.3,16690274.31,371678406.39,191680498.91,71.43,5.0
2020-01-01,2020-Q1,2020,1,AI,North America,26678066.58,16041091.82,26046,73.49,1062583,10636974.76,39.87,82,0.0,8.85,66.31,1.66,25.11,0.0,98,92.78,26678066.58,10636974.76,26678066.58,0.0,26678066.58,10636974.76,100.0,7.0
2020-04-01,2020-Q2,2020,2,AI,North America,56680600.47,20657896.76,20184,72.61,1822726,36022703.71,63.55,87,112.46,15.9,174.38,2.74,31.1,71.54,29,81.27,41679333.53,23329839.24,26678066.58,17950421.09,83358667.05,46659678.47,28.57,2.0
2020-07-01,2020-Q3,2020,3,AI,North America,43777364.19,16830055.21,21648,80.02,600340,26947308.98,61.56,95,-22.76,10.03,160.11,2.6,72.92,-67.06,88,87.56,42378677.08,24535662.48,41679333.53,12863546.86,127136031.24,73606987.45,14.29,1.0
2020-10-01,2020-Q4,2020,4,AI,North America,74691734.02,28350311.87,40716,98.5,142841,46341422.16,62.04,95,70.62,14.37,163.46,2.63,522.9,-76.21,75,96.47,50456941.32,29987102.4,42378677.08,15138912.79,201827765.26,119948409.61,28.57,2.0
2021-01-01,2021-Q1,2021,1,AI,North America,57931775.69,22954897.08,43259,80.83,255507,34976878.61,60.38,71,-22.44,18.6,152.37,2.52,226.73,78.88,51,81.13,58270368.59,36072078.36,50456941.32,7956606.03,57931775.69,34976878.61,14.29,1.0
2021-04-01,2021-Q2,2021,2,AI,North America,48367886.41,18320486.51,20157,88.08,710015,30047399.9,62.12,74,-16.51,14.23,164.01,2.64,68.12,177.88,71,87.21,56192190.08,34578252.41,58270368.59,8510600.99,106299662.1,65024278.51,42.86,3.0
2021-07-01,2021-Q3,2021,3,AI,North America,81115466.4,33029253.78,44428,81.06,518309,48086212.62,59.28,76,67.71,23.33,145.59,2.46,156.5,-27.0,33,71.04,65526715.63,39862978.32,56192190.08,8752359.05,187415128.49,113110491.13,42.86,3.0
2021-10-01,2021-Q4,2021,4,AI,North America,95483165.68,65646182.29,39347,88.41,1967007,29836983.38,31.25,73,17.71,21.34,45.45,1.45,48.54,279.5,38,60.34,70724573.54,35736868.63,65526715.63,8568597.36,282898294.17,142947474.51,85.71,6.0
2022-01-01,2022-Q1,2022,1,AI,North America,42287313.31,22652843.04,22118,87.65,1334434,19634470.27,46.43,99,-55.71,10.47,86.68,1.87,31.69,-32.16,34,89.23,66813457.95,31901266.54,70724573.54,11833918.16,42287313.31,19634470.27,71.43,5.0
2022-04-01,2022-Q2,2022,2,AI,North America,74446732.74,51734994.45,40748,71.55,574938,22711738.3,30.51,71,76.05,15.05,43.9,1.44,129.49,-56.92,44,71.43,73333169.53,30067351.14,66813457.95,12749934.4,116734046.05,42346208.56,100.0,7.0
2022-07-01,2022-Q3,2022,3,AI,North America,52704835.81,23692130.4,48288,76.93,243068,29012705.41,55.05,90,-29.2,12.16,122.46,2.22,216.83,-57.72,71,90.1,66230511.89,25298974.34,73333169.53,4938478.89,169438881.86,71358913.98,42.86,3.0
2022-10-01,2022-Q4,2022,4,AI,North America,50859286.1,16043945.95,42080,80.49,831689,34815340.15,68.45,70,-3.5,10.06,217.0,3.17,61.15,242.16,34,96.67,55074541.99,26543563.53,66230511.89,6756167.66,220298167.96,106174254.13,14.29,1.0
2023-01-01,2023-Q1,2023,1,AI,North America,59589239.38,20577266.96,27129,98.36,1896532,39011972.42,65.47,85,17.16,21.95,189.59,2.9,31.42,128.03,4,76.0,59400023.51,31387939.07,55074541.99,7089691.05,59589239.38,39011972.42,14.29,1.0
2023-04-01,2023-Q2,2023,2,AI,North America,33318703.39,13132695.76,6317,82.54,318440,20186007.63,60.58,88,-44.09,9.24,153.71,2.54,104.63,-83.21,53,64.41,49118016.17,30756506.41,59400023.51,8152773.28,92907942.78,59197980.06,28.57,2.0
2023-07-01,2023-Q3,2023,3,AI,North America,81650649.92,51702319.42,13835,82.49,822418,29948330.51,36.68,82,145.06,16.11,57.92,1.58,99.28,158.26,31,84.85,56354469.7,30990412.68,49118016.17,8099312.61,174558592.7,89146310.56,85.71,6.0
2023-10-01,2023-Q4,2023,4,AI,North America,99721787.83,35619281.67,31947,84.9,1439724,64102506.16,64.28,91,22.13,19.11,179.97,2.8,69.26,75.06,86,96.26,68570095.13,38312204.18,56354469.7,18833859.01,274280380.53,153248816.73,28.57,2.0
2024-01-01,2024-Q1,2024,1,AI,North America,70670717.98,47532261.33,8731,91.21,1576529,23138456.65,32.74,90,-29.13,19.03,48.68,1.49,44.83,9.5,54,87.77,71340464.78,34343825.24,68570095.13,20255892.55,70670717.98,23138456.65,100.0,7.0
2024-04-01,2024-Q2,2024,2,AI,North America,90039995.11,38591222.03,28370,81.08,653159,51448773.07,57.14,100,27.41,17.62,133.32,2.33,137.85,-58.57,32,92.66,85520787.71,42159516.6,71340464.78,18962233.2,160710713.09,74587229.73,57.14,4.0
2024-07-01,2024-Q3,2024,3,AI,North America,56358927.3,34212416.04,28226,83.51,1928958,22146511.27,39.3,70,-37.41,14.15,64.73,1.65,29.22,195.33,85,86.2,79197857.06,40209061.79,85520787.71,20935528.69,217069640.39,96733741.0,100.0,7.0
2024-10-01,2024-Q4,2024,4,AI,North America,106124731.37,42439621.74,32566,77.23,922983,63685109.63,60.01,95,88.3,19.19,150.06,2.5,114.98,-52.15,26,79.04,80798592.94,40104712.66,79197857.06,20777180.34,323194371.76,160418850.63,42.86,3.0
2020-01-01,2020-Q1,2020,1,Android,North America,64210833.22,32027817.33,18018,72.41,277933,32183015.88,50.12,88,0.0,21.31,100.48,2.0,231.03,0.0,40,61.01,64210833.22,32183015.88,64210833.22,0.0,64210833.22,32183015.88,71.43,5.0
2020-04-01,2020-Q2,2020,2,Android,North America,46595488.68,20811925.14,21481,71.36,1317382,25783563.54,55.33,98,-27.43,13.07,123.89,2.24,35.37,373.99,18,63.26,55403160.95,28983289.71,64210833.22,4525096.15,110806321.9,57966579.43,57.14,4.0
2020-07-01,2020-Q3,2020,3,Android,North America,78244935.38,35036562.53,28346,99.25,1039276,43208372.85,55.22,83,67.92,17.93,123.32,2.23,75.29,-21.11,40,69.64,63017085.76,33724984.09,55403160.95,8814150.23,189051257.29,101174952.28,28.57,2.0
2020-10-01,2020-Q4,2020,4,Android,North America,77929782.82,49866542.72,13995,84.97,942091,28063240.11,36.01,100,-0.4,14.99,56.28,1.56,82.72,-9.35,63,75.32,66745260.03,32309548.1,63017085.76,7733476.95,266981040.11,129238192.39,85.71,6.0
2021-01-01,2021-Q1,2021,1,Android,North America,66386333.85,34275727.08,28567,77.38,1770559,32110606.76,48.37,77,-14.81,21.32,93.68,1.94,37.49,87.94,16,89.18,67289135.18,32291445.82,66745260.03,7733956.6,66386333.85,32110606.76,57.14,4.0
2021-04-01,2021-Q2,2021,2,Android,North America,75009934.47,23516070.59,49200,77.16,1961920,51493863.88,68.65,73,12.99,22.07,218.97,3.19,38.23,10.81,76,92.93,74392746.63,38719020.9,67289135.18,10654696.86,141396268.31,83604470.64,14.29,1.0
2021-07-01,2021-Q3,2021,3,Android,North America,34742373.44,14536942.1,42570,81.11,784740,20205431.34,58.16,82,-53.68,9.99,138.99,2.39,44.27,-60.0,4,67.95,63517106.15,32968285.52,74392746.63,13302663.69,176138641.76,103809901.98,57.14,4.0
2021-10-01,2021-Q4,2021,4,Android,North America,38110914.19,22353513.66,34033,81.4,171988,15757400.53,41.35,97,9.7,8.52,70.49,1.7,221.59,-78.08,58,84.67,53562388.99,29891825.63,63517106.15,15970590.2,214249555.94,119567302.51,57.14,4.0
2022-01-01,2022-Q1,2022,1,Android,North America,73228232.55,22588954.46,32059,73.8,737110,50639278.09,69.15,92,92.15,18.14,224.18,3.24,99.35,328.58,18,87.61,55272863.66,34523993.46,53562388.99,19191014.67,73228232.55,50639278.09,14.29,1.0
2022-04-01,2022-Q2,2022,2,Android,North America,55246054.27,36191520.3,38005,95.1,1023943,19054533.97,34.49,89,-24.56,11.17,52.65,1.53,53.95,38.91,45,69.46,50331893.61,26414160.98,55272863.66,16259717.87,128474286.82,69693812.06,85.71,6.0
2022-07-01,2022-Q3,2022,3,Android,North America,88033939.46,43865050.75,12043,75.21,1972254,44168888.71,50.17,72,59.35,20.32,100.69,2.01,44.64,92.61,59,72.79,63654785.12,32405025.32,50331893.61,17571335.43,216508226.28,113862700.77,71.43,5.0
2022-10-01,2022-Q4,2022,4,Android,North America,55548471.64,24884261.67,40286,90.86,1996090,30664209.97,55.2,98,-36.9,10.99,123.23,2.23,27.83,1.21,6,98.46,68014174.48,36131727.68,63654785.12,14101882.51,272056697.92,144526910.73,28.57,2.0
2023-01-01,2023-Q1,2023,1,Android,North America,26074790.42,10144258.1,9540,91.05,393361,15930532.32,61.1,80,-53.06,9.6,157.04,2.57,66.29,-80.29,84,94.88,56225813.95,27454541.24,68014174.48,12819702.13,26074790.42,15930532.32,28.57,2.0
2023-04-01,2023-Q2,2023,2,Android,North America,76040498.95,46846598.77,12696,98.11,1915065,29193900.18,38.39,87,191.62,21.09,62.32,1.62,39.71,386.85,18,76.9,61424425.12,29989382.79,56225813.95,11544087.22,102115289.38,45124432.5,100.0,7.0
2023-07-01,2023-Q3,2023,3,Android,North America,89690158.63,36194024.38,16541,72.49,1647704,53496134.25,59.65,81,17.95,17.7,147.8,2.48,54.43,-13.96,35,73.92,61838479.91,32321194.18,61424425.12,15594416.17,191805448.0,98620566.75,42.86,3.0
2023-10-01,2023-Q4,2023,4,Android,North America,110018648.17,44949656.77,37013,83.52,1316530,65068991.4,59.14,95,22.67,21.09,144.76,2.45,83.57,-20.1,84,75.24,75456024.04,40922389.54,61838479.91,22385321.29,301824096.17,163689558.15,42.86,3.0
2024-01-01,2024-Q1,2024,1,Android,North America,33905335.0,17267790.81,41319,77.08,1889650,16637544.19,49.07,92,-69.18,9.13,96.35,1.96,17.94,43.53,66,74.35,77413660.19,41099142.51,75456024.04,22123469.04,33905335.0,16637544.19,14.29,1.0
2024-04-01,2024-Q2,2024,2,Android,North America,95845234.84,29968288.46,31899,89.77,165309,65876946.38,68.73,87,182.68,18.76,219.82,3.2,579.79,-91.25,55,64.33,82364844.16,50269904.05,77413660.19,23123847.34,129750569.85,82514490.57,14.29,1.0
2024-07-01,2024-Q3,2024,3,Android,North America,69566162.98,25355381.18,12293,83.69,1392518,44210781.79,63.55,86,-27.42,17.47,174.36,2.74,49.96,742.37,97,95.84,77333845.25,47948565.94,82364844.16,23158057.68,199316732.82,126725272.37,28.57,2.0
2024-10-01,2024-Q4,2024,4,Android,North America,72845958.05,22747746.32,38061,78.66,329550,50098211.73,68.77,100,4.71,13.17,220.23,3.2,221.05,-76.33,38,99.59,68040672.72,44205871.03,77333845.25,20529392.38,272162690.87,176823484.1,14.29,1.0
2020-01-01,2020-Q1,2020,1,Cloud,North America,52591662.82,18205471.34,24063,71.31,963730,34386191.48,65.38,95,0.0,17.45,188.88,2.89,54.57,0.0,22,76.78,52591662.82,34386191.48,52591662.82,0.0,52591662.82,34386191.48,14.29,1.0
2020-04-01,2020-Q2,2020,2,Cloud,North America,78194679.91,41595911.63,42440,90.31,786750,36598768.28,46.8,87,48.68,21.94,87.99,1.88,99.39,-18.36,42,96.07,65393171.37,35492479.88,52591662.82,1564528.06,130786342.73,70984959.76,71.43,5.0
2020-07-01,2020-Q3,2020,3,Cloud,North America,64943925.66,33101801.32,13656,82.61,447389,31842124.34,49.03,98,-16.95,14.88,96.19,1.96,145.16,-43.13,75,84.17,65243422.8,34275694.7,65393171.37,2380246.32,195730268.39,102827084.1,42.86,3.0
2020-10-01,2020-Q4,2020,4,Cloud,North America,92091839.0,52167533.31,21060,94.64,1886514,39924305.69,43.35,95,41.8,17.71,76.53,1.77,48.82,321.67,0,77.38,71955526.85,35687847.45,65243422.8,3428374.24,287822107.39,142751389.8,71.43,5.0
2021-01-01,2021-Q1,2021,1,Cloud,North America,26708602.56,15593590.51,30765,84.37,1731010,11115012.05,41.62,96,-71.0,8.58,71.28,1.71,15.43,-8.24,7,61.81,65484761.78,29870052.59,71955526.85,12935793.15,26708602.56,11115012.05,71.43,5.0
2021-04-01,2021-Q2,2021,2,Cloud,North America,47346492.03,20071092.42,9855,74.15,800525,27275399.61,57.61,85,77.27,13.93,135.89,2.36,59.14,-53.75,6,93.5,57772714.81,27539210.43,65484761.78,12134380.1,74055094.59,38390411.67,57.14,4.0
2021-07-01,2021-Q3,2021,3,Cloud,North America,61025716.74,38216778.64,19345,92.53,528553,22808938.1,37.38,96,28.89,17.55,59.68,1.6,115.46,-33.97,72,79.33,56793162.58,25280913.87,57772714.81,11905045.65,135080811.33,61199349.77,100.0,7.0
2021-10-01,2021-Q4,2021,4,Cloud,North America,81698578.48,40076258.09,37623,89.6,1194650,41622320.39,50.95,97,33.88,18.26,103.86,2.04,68.39,126.02,88,71.78,54194847.45,25705417.54,56793162.58,12610606.19,216779389.82,102821670.16,28.57,2.0
2022-01-01,2022-Q1,2022,1,Cloud,North America,59218775.41,26608686.2,7061,90.95,1219803,32610089.21,55.07,77,-27.52,14.67,122.55,2.23,48.55,2.11,15,67.92,62322390.67,31079186.83,54194847.45,8090470.5,59218775.41,32610089.21,28.57,2.0
2022-04-01,2022-Q2,2022,2,Cloud,North America,48469377.6,19562471.47,24994,83.81,379581,28906906.13,59.64,77,-18.15,9.8,147.77,2.48,127.69,-68.88,76,99.08,62603112.06,31487063.46,62322390.67,7872985.28,107688153.0,61516995.33,28.57,2.0
2022-07-01,2022-Q3,2022,3,Cloud,North America,24605524.32,11505552.53,5558,91.26,640797,13099971.79,53.24,86,-49.23,5.68,113.86,2.14,38.4,68.82,23,81.68,53498063.95,29059821.88,62603112.06,11904634.46,132293677.32,74616967.12,57.14,4.0
2022-10-01,2022-Q4,2022,4,Cloud,North America,73176110.81,41503157.26,10809,77.01,565380,31672953.55,43.28,98,197.4,14.48,76.31,1.76,129.43,-11.77,43,61.89,51367447.03,26572480.17,53498063.95,9118215.8,205469788.13,106289920.67,71.43,5.0
2023-01-01,2023-Q1,2023,1,Cloud,North America,54328075.75,29236434.37,23539,87.12,1368856,25091641.37,46.19,73,-25.76,20.01,85.82,1.86,39.69,142.11,23,96.7,50144772.12,24692868.21,51367447.03,8186044.51,54328075.75,25091641.37,85.71,6.0
2023-04-01,2023-Q2,2023,2,Cloud,North America,81054804.15,44421774.89,5023,85.95,1256294,36633029.27,45.2,84,49.2,22.48,82.47,1.82,64.52,-8.22,49,88.07,58291128.76,26624398.99,50144772.12,10180374.26,135382879.9,61724670.64,57.14,4.0
2023-07-01,2023-Q3,2023,3,Cloud,North America,82307278.5,54803498.21,45238,76.99,129414,27503780.29,33.42,71,1.55,16.24,50.19,1.5,636.0,-89.7,29,79.96,72716567.3,30225351.12,58291128.76,5063457.83,217690158.4,89228450.93,100.0,7.0
2023-10-01,2023-Q4,2023,4,Cloud,North America,48862643.96,29485593.3,20122,92.92,1589774,19377050.67,39.66,76,-40.63,9.37,65.72,1.66,30.74,1128.44,97,73.71,66638200.59,27151375.4,72716567.3,7181192.53,266552802.36,108605501.6,100.0,7.0
2024-01-01,2024-Q1,2024,1,Cloud,North America,25053175.74,15917260.47,44615,87.99,980831,9135915.27,36.47,80,-48.73,6.75,57.4,1.57,25.54,-38.3,48,80.45,59319475.59,23162443.87,66638200.59,11710060.9,25053175.74,9135915.27,85.71,6.0
2024-04-01,2024-Q2,2024,2,Cloud,North America,57083119.27,26191711.69,22088,96.25,550214,30891407.57,54.12,75,127.85,11.17,117.94,2.18,103.75,-43.9,72,62.27,53326554.37,21727038.45,59319475.59,9685302.15,82136295.01,40027322.85,85.71,6.0
2024-07-01,2024-Q3,2024,3,Cloud,North America,34779091.35,16957856.5,37089,86.21,1444802,17821234.85,51.24,71,-39.07,8.73,105.09,2.05,24.07,162.59,90,70.02,41444507.58,19306402.09,53326554.37,8941697.59,116915386.36,57848557.7,57.14,4.0
2024-10-01,2024-Q4,2024,4,Cloud,North America,65267681.97,38508182.48,22176,91.22,1438525,26759499.49,41.0,98,87.66,11.8,69.49,1.69,45.37,-0.43,47,83.32,45545767.08,21152014.3,41444507.58,9691583.96,182183068.32,84608057.18,71.43,5.0
2020-01-01,2020-Q1,2020,1,Hardware,North America,19319725.74,6817696.36,9172,74.83,663796,12502029.37,64.71,83,0.0,6.41,183.38,2.83,29.1,0.0,54,93.53,19319725.74,12502029.37,19319725.74,0.0,19319725.74,12502029.37,28.57,2.0
2020-04-01,2020-Q2,2020,2,Hardware,North America,21352944.98,13924224.49,14293,74.9,1792484,7428720.5,34.79,80,10.52,5.99,53.35,1.53,11.91,170.04,22,74.02,20336335.36,9965374.93,19319725.74,3587371.11,40672670.72,19930749.87,100.0,7.0
2020-07-01,2020-Q3,2020,3,Hardware,North America,59902401.9,41242990.18,5752,72.31,511187,18659411.72,31.15,72,180.53,13.73,45.24,1.45,117.18,-71.48,70,63.24,33525024.21,12863387.19,20336335.36,5624059.11,100575072.62,38590161.58,100.0,7.0
2020-10-01,2020-Q4,2020,4,Hardware,North America,44920969.95,16081631.33,6427,95.08,1900147,28839338.61,64.2,89,-25.01,8.64,179.33,2.79,23.64,271.71,95,81.56,36374010.64,16857375.05,33525024.21,9213818.42,145496042.56,67429500.2,14.29,1.0
2021-01-01,2021-Q1,2021,1,Hardware,North America,42307851.55,25407838.64,5849,99.26,151423,16900012.92,39.95,75,-5.82,13.58,66.51,1.67,279.4,-92.03,4,67.58,42121042.1,17956870.94,36374010.64,8772695.65,42307851.55,16900012.92,100.0,7.0
2021-04-01,2021-Q2,2021,2,Hardware,North America,50955408.68,17934527.52,26337,92.85,1460915,33020881.16,64.8,72,20.44,14.99,184.12,2.84,34.88,864.79,92,97.33,49521658.02,24354911.1,42121042.1,7815014.34,93263260.23,49920894.08,28.57,2.0
2021-07-01,2021-Q3,2021,3,Hardware,North America,65492207.48,21946511.04,14685,70.91,387042,43545696.44,66.49,75,28.53,18.83,198.42,2.98,169.21,-73.51,85,83.79,50919109.41,30576482.28,49521658.02,11018758.01,158755467.71,93466590.52,28.57,2.0
2021-10-01,2021-Q4,2021,4,Hardware,North America,42371390.31,29650127.95,34362,97.98,1079857,12721262.35,30.02,88,-35.3,9.47,42.9,1.43,39.24,179.0,84,76.09,50281714.5,26546963.22,50919109.41,14318777.87,201126858.01,106187852.87,100.0,7.0
2022-01-01,2022-Q1,2022,1,Hardware,North America,53324556.19,27140464.05,12873,96.43,1148505,26184092.14,49.1,89,25.85,13.21,96.48,1.96,46.43,6.36,73,97.25,53035890.66,28867983.02,50281714.5,12917709.97,53324556.19,26184092.14,42.86,3.0
2022-04-01,2022-Q2,2022,2,Hardware,North America,77631347.35,42631723.44,35388,75.76,268871,34999623.92,45.08,91,45.58,15.69,82.1,1.82,288.73,-76.59,77,61.31,59704875.33,29362668.71,53035890.66,13165273.69,130955903.55,61183716.06,42.86,3.0
2022-07-01,2022-Q3,2022,3,Hardware,North America,60510036.24,23156941.98,17411,76.73,1607280,37353094.26,61.73,93,-22.05,13.97,161.3,2.61,37.65,497.79,91,98.53,58459332.52,27814518.17,59704875.33,11151604.35,191465939.78,98536810.32,28.57,2.0
2022-10-01,2022-Q4,2022,4,Hardware,North America,78256530.28,46069463.16,24262,78.52,225537,32187067.12,41.13,81,29.33,15.48,69.87,1.7,346.98,-85.97,66,84.99,67430617.52,32680969.36,58459332.52,4818653.45,269722470.06,130723877.44,85.71,6.0
2023-01-01,2023-Q1,2023,1,Hardware,North America,44313528.52,19531471.81,11365,74.39,1772108,24782056.71,55.92,88,-43.37,16.32,126.88,2.27,25.01,685.73,3,60.82,65177860.6,32330460.5,67430617.52,5457418.34,44313528.52,24782056.71,57.14,4.0
2023-04-01,2023-Q2,2023,2,Hardware,North America,39302912.22,23350521.43,24977,84.15,1139769,15952390.79,40.59,70,-11.31,10.9,68.32,1.68,34.48,-35.68,30,84.66,55595751.81,27568652.22,65177860.6,9305333.71,83616440.74,40734447.5,85.71,6.0
2023-07-01,2023-Q3,2023,3,Hardware,North America,49465399.37,19941441.08,5578,82.19,1227016,29523958.29,59.69,86,25.86,9.76,148.05,2.48,40.31,7.65,81,97.58,52834592.6,25611368.23,55595751.81,7130492.73,133081840.11,70258405.79,28.57,2.0
2023-10-01,2023-Q4,2023,4,Hardware,North America,72245219.57,33474274.98,31487,88.54,1230004,38770944.6,53.67,94,46.05,13.85,115.82,2.16,58.74,0.24,18,66.59,51331764.92,27257337.6,52834592.6,9515418.25,205327059.68,109029350.39,71.43,5.0
2024-01-01,2024-Q1,2024,1,Hardware,North America,85767007.51,52599690.62,17539,92.05,511314,33167316.89,38.67,86,18.72,23.1,63.06,1.63,167.74,-58.43,73,88.78,61695134.67,29353652.64,51331764.92,9709999.07,85767007.51,33167316.89,57.14,4.0
2024-04-01,2024-Q2,2024,2,Hardware,North America,61543422.35,25206715.1,12581,89.71,110601,36336707.26,59.04,89,-28.24,12.04,144.15,2.44,556.45,-78.37,17,91.37,67255262.2,34449731.76,61695134.67,4005886.88,147310429.86,69504024.14,28.57,2.0
2024-07-01,2024-Q3,2024,3,Hardware,North America,96616231.77,57920337.65,35853,82.99,170421,38695894.12,40.05,78,56.99,24.26,66.81,1.67,566.93,54.09,99,80.43,79042970.3,36742715.71,67255262.2,2637987.74,243926661.63,108199918.26,85.71,6.0
2024-10-01,2024-Q4,2024,4,Hardware,North America,131918474.94,68935983.86,40199,78.32,638597,62982491.08,47.74,73,36.54,23.85,91.36,1.91,206.58,274.72,49,64.84,93961284.14,42795602.34,79042970.3,13647213.28,375845136.57,171182409.34,57.14,4.0
2020-01-01,2020-Q1,2020,1,Maps,North America,29725595.41,15703311.27,14008,76.9,1704233,14022284.14,47.17,72,0.0,9.86,89.3,1.89,17.44,0.0,32,89.6,29725595.41,14022284.14,29725595.41,0.0,29725595.41,14022284.14,85.71,6.0
2020-04-01,2020-Q2,2020,2,Maps,North America,55729415.11,34198991.85,43613,90.61,645660,21530423.26,38.63,96,87.48,15.64,62.96,1.63,86.31,-62.11,41,92.49,42727505.26,17776353.7,29725595.41,5309056.09,85455010.52,35552707.4,85.71,6.0
2020-07-01,2020-Q3,2020,3,Maps,North America,29988270.3,15571808.3,27050,94.35,593494,14416462.0,48.07,71,-46.19,6.87,92.58,1.93,50.53,-8.08,6,78.13,38481093.61,16656389.8,42727505.26,4225635.54,115443280.82,49969169.4,57.14,4.0
2020-10-01,2020-Q4,2020,4,Maps,North America,42309443.45,27852393.89,24373,99.02,1376316,14457049.56,34.17,78,41.09,8.14,51.91,1.52,30.74,131.9,30,65.74,39438181.07,16106554.74,38481093.61,3621225.14,157752724.27,64426218.96,100.0,7.0
2021-01-01,2021-Q1,2021,1,Maps,North America,22643433.92,13574114.99,19956,97.13,1882048,9069318.93,40.05,98,-46.48,7.27,66.81,1.67,12.03,36.75,44,87.96,37667640.69,14868313.44,39438181.07,5111599.63,22643433.92,9069318.93,85.71,6.0
2021-04-01,2021-Q2,2021,2,Maps,North America,56076393.26,32024638.39,22488,91.14,1012809,24051754.87,42.89,88,147.65,16.5,75.1,1.75,55.37,-46.19,50,60.02,37754385.23,15498646.34,37667640.69,6238268.01,78719827.18,33121073.8,85.71,6.0
2021-07-01,2021-Q3,2021,3,Maps,North America,26442258.86,8577200.38,44630,90.4,614574,17865058.47,67.56,78,-52.85,7.6,208.29,3.08,43.03,-39.32,84,90.0,36867882.37,16360795.46,37754385.23,6277035.99,105162086.04,50986132.28,14.29,1.0
2021-10-01,2021-Q4,2021,4,Maps,North America,81941007.52,49183675.46,48595,72.43,688948,32757332.06,39.98,90,209.89,18.32,66.6,1.67,118.94,12.1,76,85.42,46775773.39,20935866.08,36867882.37,9995009.11,187103093.56,83743464.34,71.43,5.0
2022-01-01,2022-Q1,2022,1,Maps,North America,64210695.51,34159914.52,35732,96.89,1082215,30050780.99,46.8,72,-21.64,15.91,87.97,1.88,59.33,57.08,78,74.33,57167588.79,26181231.6,46775773.39,6631036.02,64210695.51,30050780.99,57.14,4.0
2022-04-01,2022-Q2,2022,2,Maps,North America,87380090.16,26539111.56,38257,90.01,1901022,60840978.6,69.63,100,36.08,17.66,229.25,3.29,45.96,75.66,58,82.25,64993513.01,35378537.53,57167588.79,18168778.73,151590785.67,90891759.59,14.29,1.0
2022-07-01,2022-Q3,2022,3,Maps,North America,44936082.73,27657234.98,33139,88.48,1698717,17278847.75,38.45,76,-48.57,10.37,62.47,1.62,26.45,-10.64,62,97.43,69616968.98,35231984.85,64993513.01,18358508.22,196526868.41,108170607.34,85.71,6.0
2022-10-01,2022-Q4,2022,4,Maps,North America,55460809.71,37782170.18,29244,70.26,547358,17678639.52,31.88,76,23.42,10.97,46.79,1.47,101.32,-67.78,76,68.2,62996919.53,31462311.72,69616968.98,20463453.24,251987678.11,125849246.86,100.0,7.0
2023-01-01,2023-Q1,2023,1,Maps,North America,22231602.25,13263145.04,25272,75.92,809833,8968457.22,40.34,80,-59.91,8.19,67.62,1.68,27.45,47.95,31,99.52,52502146.21,26191730.77,62996919.53,23445850.62,22231602.25,8968457.22,100.0,7.0
2023-04-01,2023-Q2,2023,2,Maps,North America,52125691.99,25462895.22,25607,86.34,1708700,26662796.77,51.15,72,134.47,14.46,104.71,2.05,30.51,110.99,58,74.48,43688546.67,17647185.32,52502146.21,7228144.84,74357294.24,35631253.99,42.86,3.0
2023-07-01,2023-Q3,2023,3,Maps,North America,86442556.73,48252452.57,47969,82.85,566618,38190104.16,44.18,71,65.83,17.06,79.15,1.79,152.56,-66.84,41,92.18,54065165.17,22874999.42,43688546.67,12507250.09,160799850.97,73821358.14,71.43,5.0
2023-10-01,2023-Q4,2023,4,Maps,North America,46732306.26,16597762.63,30809,86.09,237195,30134543.63,64.48,96,-45.94,8.96,181.56,2.82,197.02,-58.14,74,79.84,51883039.31,25988975.44,54065165.17,12331603.75,207532157.23,103955901.78,14.29,1.0
2024-01-01,2024-Q1,2024,1,Maps,North America,73410017.39,42360146.48,26519,71.49,1872391,31049870.92,42.3,81,57.09,19.77,73.3,1.73,39.21,689.39,32,89.17,64677643.09,31509328.87,51883039.31,4838139.03,73410017.39,31049870.92,42.86,3.0
2024-04-01,2024-Q2,2024,2,Maps,North America,47652868.58,30399811.04,20151,90.46,1065460,17253057.54,36.21,77,-35.09,9.33,56.75,1.57,44.73,-43.1,40,94.8,63559437.24,29156894.06,64677643.09,8714726.4,121062885.98,48302928.46,100.0,7.0
2024-07-01,2024-Q3,2024,3,Maps,North America,42607389.36,25131429.25,6347,98.42,811029,17475960.11,41.02,94,-10.59,10.7,69.54,1.7,52.53,-23.88,46,65.89,52600645.4,23978358.05,63559437.24,7646693.43,163670275.34,65778888.57,71.43,5.0
2024-10-01,2024-Q4,2024,4,Maps,North America,72433522.42,27483392.51,7596,81.05,1956684,44950129.9,62.06,91,70.0,13.09,163.55,2.64,37.02,141.26,76,77.17,59025949.44,27682254.62,52600645.4,13196678.31,236103797.75,110729018.48,28.57,2.0
2020-01-01,2020-Q1,2020,1,Search,North America,56248913.16,20086193.95,22628,98.23,291171,36162719.22,64.29,71,0.0,18.66,180.04,2.8,193.18,0.0,42,81.51,56248913.16,36162719.22,56248913.16,0.0,56248913.16,36162719.22,42.86,3.0
2020-04-01,2020-Q2,2020,2,Search,North America,49696407.02,15020794.54,26044,76.84,1213840,34675612.48,69.77,73,-11.65,13.94,230.85,3.31,40.94,316.88,58,74.67,52972660.09,35419165.85,56248913.16,1051543.26,105945320.19,70838331.7,14.29,1.0
2020-07-01,2020-Q3,2020,3,Search,North America,79794617.5,50349720.59,45577,91.72,1968052,29444896.91,36.9,89,60.56,18.28,58.48,1.58,40.54,62.13,64,87.65,61913312.56,33427742.87,52972660.09,3528479.57,185739937.69,100283228.61,71.43,5.0
2020-10-01,2020-Q4,2020,4,Search,North America,87253536.3,38821855.02,24332,98.9,631535,48431681.28,55.51,77,9.35,16.78,124.75,2.25,138.16,-67.91,25,87.74,68248368.5,37178727.47,61913312.56,8036146.71,272993473.99,148714909.89,42.86,3.0
2021-01-01,2021-Q1,2021,1,Search,North America,51912168.73,25280606.39,7965,88.21,111686,26631562.34,51.3,73,-40.5,16.67,105.34,2.05,464.8,-82.32,100,78.75,67164182.39,34795938.26,68248368.5,9682262.88,51912168.73,26631562.34,28.57,2.0
2021-04-01,2021-Q2,2021,2,Search,North America,29897765.65,20162963.26,21498,81.51,1317154,9734802.4,32.56,87,-42.41,8.79,48.28,1.48,22.7,1079.34,61,92.97,62214522.05,28560735.73,67164182.39,15851116.62,81809934.38,36366364.74,100.0,7.0
2021-07-01,2021-Q3,2021,3,Search,North America,57717119.91,29972057.1,22218,85.51,1503572,27745062.81,48.07,85,93.05,16.6,92.57,1.93,38.39,14.15,99,94.18,56695147.65,28135777.21,62214522.05,15842294.83,139527054.29,64111427.55,71.43,5.0
2021-10-01,2021-Q4,2021,4,Search,North America,43612955.72,24846537.64,13362,95.88,935955,18766418.08,43.03,91,-24.44,9.75,75.53,1.76,46.6,-37.75,12,70.24,45785002.5,20719461.41,56695147.65,8342444.17,183140010.01,82877845.63,42.86,3.0
2022-01-01,2022-Q1,2022,1,Search,North America,44914305.27,24166284.61,46375,79.17,1514077,20748020.66,46.19,93,2.98,11.13,85.86,1.86,29.66,61.77,72,70.71,44035536.64,19248575.99,45785002.5,7420309.67,44914305.27,20748020.66,85.71,6.0
2022-04-01,2022-Q2,2022,2,Search,North America,72582972.74,40173488.67,43349,81.7,1985499,32409484.08,44.65,78,61.6,14.67,80.67,1.81,36.56,31.14,10,75.3,54706838.41,24917246.41,44035536.64,6307278.95,117497278.01,53157504.74,57.14,4.0
2022-07-01,2022-Q3,2022,3,Search,North America,78824916.55,27115310.45,40451,99.05,952044,51709606.1,65.6,99,8.6,18.19,190.7,2.91,82.8,-52.05,26,79.17,59983787.57,30908382.23,54706838.41,15117368.18,196322194.56,104867110.84,14.29,1.0
2022-10-01,2022-Q4,2022,4,Search,North America,111606660.29,61262618.85,16271,86.96,1859465,50344041.44,45.11,73,41.59,22.08,82.18,1.82,60.02,95.31,92,96.16,76982213.71,38802788.07,59983787.57,14906770.76,307928854.85,155211152.28,57.14,4.0
2023-01-01,2023-Q1,2023,1,Search,North America,20959483.89,11049056.49,19906,72.28,676070,9910427.4,47.28,89,-81.22,7.72,89.69,1.9,31.0,-63.64,80,60.45,70993508.37,36093389.75,76982213.71,19545382.79,20959483.89,9910427.4,71.43,5.0
2023-04-01,2023-Q2,2023,2,Search,North America,33414251.54,19428864.12,13916,99.35,1049898,13985387.42,41.85,81,59.42,9.27,71.98,1.72,31.83,55.29,41,92.23,61201328.06,31487365.59,70993508.37,22630339.05,54373735.43,23895814.82,71.43,5.0
2023-07-01,2023-Q3,2023,3,Search,North America,81903172.59,45080201.47,26773,94.5,985466,36822971.12,44.96,83,145.11,16.16,81.68,1.82,83.11,-6.14,26,79.5,61970892.08,27765706.84,61201328.06,19153097.55,136276908.02,60718785.93,57.14,4.0
2023-10-01,2023-Q4,2023,4,Search,North America,63467237.68,28480304.56,42108,98.56,849508,34986933.12,55.13,83,-22.51,12.16,122.85,2.23,74.71,-13.8,11,74.48,49936036.42,23926429.76,61970892.08,13951441.49,199744145.7,95705719.06,57.14,4.0
2024-01-01,2024-Q1,2024,1,Search,North America,54951028.88,34286241.68,22905,78.12,920157,20664787.2,37.61,94,-13.42,14.8,60.27,1.6,59.72,8.32,57,71.63,58433922.67,26615019.71,49936036.42,11093603.04,54951028.88,20664787.2,71.43,5.0
2024-04-01,2024-Q2,2024,2,Search,North America,95429330.27,42077991.22,30526,93.51,948954,53351339.06,55.91,100,73.66,18.68,126.79,2.27,100.56,3.13,63,62.65,73937692.36,36456507.62,58433922.67,13380429.84,150380359.16,74016126.26,71.43,5.0
2024-07-01,2024-Q3,2024,3,Search,North America,66592726.17,21331921.62,27968,84.67,811360,45260804.56,67.97,78,-30.22,16.72,212.17,3.12,82.08,-14.5,96,95.76,70110080.75,38565965.98,73937692.36,14103070.57,216973085.33,119276930.81,14.29,1.0
2024-10-01,2024-Q4,2024,4,Search,North America,45432014.11,29830745.68,41735,76.5,1039698,15601268.43,34.34,100,-31.78,8.21,52.3,1.52,43.7,28.14,62,86.63,65601274.86,33719549.81,70110080.75,18414728.32,262405099.43,134878199.24,100.0,7.0
2020-01-01,2020-Q1,2020,1,YouTube,North America,52590739.01,25049897.63,10575,87.01,952566,27540841.39,52.37,78,0.0,17.45,109.94,2.1,55.21,0.0,97,84.89,52590739.01,27540841.39,52590739.01,0.0,52590739.01,27540841.39,57.14,4.0
2020-04-01,2020-Q2,2020,2,YouTube,North America,48163789.67,17631001.75,10765,94.06,1199706,30532787.92,63.39,89,-8.42,13.51,173.18,2.73,40.15,25.94,36,66.42,50377264.34,29036814.66,52590739.01,2115625.68,100754528.68,58073629.31,42.86,3.0
2020-07-01,2020-Q3,2020,3,YouTube,North America,79754767.28,53118767.7,20426,95.12,660435,26635999.58,33.4,97,65.59,18.28,50.14,1.5,120.76,-44.95,28,70.53,60169765.32,28236542.96,50377264.34,2039421.58,180509295.96,84709628.89,85.71,6.0
2020-10-01,2020-Q4,2020,4,YouTube,North America,100754762.69,49069923.68,13066,96.35,1619127,51684839.01,51.3,90,26.33,19.38,105.33,2.05,62.23,145.16,28,91.23,70316014.66,34098616.97,60169765.32,11841810.41,281264058.65,136394467.89,57.14,4.0
2021-01-01,2021-Q1,2021,1,YouTube,North America,43545542.53,21410682.52,46765,90.02,916303,22134860.01,50.83,99,-56.78,13.98,103.38,2.03,47.52,-43.41,86,63.69,68054715.54,32747121.63,70316014.66,13083148.48,43545542.53,22134860.01,42.86,3.0
2021-04-01,2021-Q2,2021,2,YouTube,North America,32288032.69,16343304.57,19410,96.91,120140,15944728.11,49.38,85,-25.85,9.5,97.56,1.98,268.75,-86.89,63,94.9,64085776.29,29100106.68,68054715.54,15681417.92,75833575.21,38079588.13,71.43,5.0
2021-07-01,2021-Q3,2021,3,YouTube,North America,21210872.76,12701678.38,13194,99.11,1581883,8509194.39,40.12,97,-34.31,6.1,66.99,1.67,13.41,1216.7,25,98.59,49449802.66,24568405.38,64085776.29,18916387.81,97044447.97,46588782.51,85.71,6.0
2021-10-01,2021-Q4,2021,4,YouTube,North America,64144775.97,29862227.16,49529,81.99,1757620,34282548.81,53.45,93,202.41,14.34,114.8,2.15,36.5,11.11,67,89.44,40297305.99,20217832.83,49449802.66,10906311.12,161189223.94,80871331.32,14.29,1.0
2022-01-01,2022-Q1,2022,1,YouTube,North America,66513683.64,40261512.71,16736,77.73,901483,26252170.93,39.47,88,3.69,16.48,65.2,1.65,73.78,-48.71,5,90.45,46039341.26,21247160.56,40297305.99,11333476.19,66513683.64,26252170.93,100.0,7.0
2022-04-01,2022-Q2,2022,2,YouTube,North America,78966964.27,43843228.39,18982,95.27,1169585,35123735.88,44.48,84,18.72,15.96,80.11,1.8,67.52,29.74,61,98.32,57709074.16,26041912.5,46039341.26,12353515.23,145480647.91,61375906.81,71.43,5.0
2022-07-01,2022-Q3,2022,3,YouTube,North America,83648450.94,56175835.92,29404,78.0,1133587,27472615.03,32.84,81,5.93,19.31,48.9,1.49,73.79,-3.08,60,90.0,73318468.71,30782767.66,57709074.16,4567124.93,229129098.86,88848521.83,100.0,7.0
2022-10-01,2022-Q4,2022,4,YouTube,North America,80621973.52,40689825.74,37847,83.07,319775,39932147.78,49.53,80,-3.62,15.95,98.14,1.98,252.12,-71.79,57,61.24,77437768.09,32195167.4,73318468.71,6482260.07,309751072.37,128780669.62,42.86,3.0
2023-01-01,2023-Q1,2023,1,YouTube,North America,44012401.99,18073165.96,15922,86.66,242342,25939236.03,58.94,91,-45.41,16.21,143.52,2.44,181.61,-24.21,53,71.06,71812447.68,32116933.68,77437768.09,6579059.58,44012401.99,25939236.03,42.86,3.0
2023-04-01,2023-Q2,2023,2,YouTube,North America,45296018.16,15960510.37,33072,81.75,1148863,29335507.8,64.76,96,2.92,12.56,183.8,2.84,39.43,374.07,14,74.06,63394711.15,30669876.66,71812447.68,6329077.06,89308420.15,55274743.83,14.29,1.0
2023-07-01,2023-Q3,2023,3,YouTube,North America,35300280.9,10790445.63,24454,70.92,129722,24509835.27,69.43,79,-22.07,6.97,227.14,3.27,272.12,-88.71,13,94.98,51307668.64,29929181.72,63394711.15,6968997.09,124608701.05,79784579.1,14.29,1.0
2023-10-01,2023-Q4,2023,4,YouTube,North America,80702819.33,46736678.64,29717,95.49,1418723,33966140.69,42.09,71,128.62,15.47,72.68,1.73,56.88,993.66,55,69.72,51327880.09,28437679.95,51307668.64,4204765.5,205311520.38,113750719.79,85.71,6.0
2024-01-01,2024-Q1,2024,1,YouTube,North America,27557124.72,14316639.3,34092,75.16,475137,13240485.42,48.05,86,-65.85,7.42,92.48,1.92,58.0,-66.51,76,82.13,47214060.78,25262992.29,51327880.09,8896405.48,27557124.72,13240485.42,28.57,2.0
2024-04-01,2024-Q2,2024,2,YouTube,North America,63365704.22,26559090.99,42127,94.05,806684,36806613.23,58.09,89,129.94,12.4,138.58,2.39,78.55,69.78,9,62.52,51731482.29,27130768.65,47214060.78,10648216.43,90922828.93,50047098.64,42.86,3.0
2024-07-01,2024-Q3,2024,3,YouTube,North America,31728801.98,13258150.54,7688,73.44,1895834,18470651.44,58.21,88,-49.93,7.97,139.32,2.39,16.74,135.02,61,89.53,50838612.56,25620972.69,51731482.29,11534931.62,122651630.91,68517750.08,42.86,3.0
2024-10-01,2024-Q4,2024,4,YouTube,North America,59129135.31,35386996.58,46197,72.49,405211,23742138.72,40.15,98,86.36,10.69,67.09,1.67,145.92,-78.63,24,83.0,45445191.56,23064972.2,50838612.56,10114668.83,181780766.22,92259888.81,85.71,6.0
2020-01-01,2020-Q1,2020,1,AI,South America,31710555.46,11116208.5,20216,87.65,1360577,20594346.95,64.94,100,0.0,11.9,185.26,2.85,23.31,0.0,58,89.63,31710555.46,20594346.95,31710555.46,0.0,31710555.46,20594346.95,14.29,1.0
2020-04-01,2020-Q2,2020,2,AI,South America,62915890.58,21512185.5,29726,75.54,894240,41403705.07,65.81,99,98.41,19.17,192.47,2.92,70.36,-34.27,4,64.02,47313223.02,30999026.01,31710555.46,14714438.24,94626446.03,61998052.03,14.29,1.0
2020-07-01,2020-Q3,2020,3,AI,South America,30543438.43,15194004.91,12543,82.17,1119604,15349433.52,50.25,86,-51.45,10.69,101.02,2.01,27.28,25.2,11,66.32,41723294.82,25782495.18,47313223.02,13780200.58,125169884.47,77347485.55,42.86,3.0
2020-10-01,2020-Q4,2020,4,AI,South America,26667682.65,14881160.54,49591,84.45,301971,11786522.11,44.2,77,-12.69,6.71,79.2,1.79,88.31,-73.03,98,78.7,37959391.78,22283501.92,41723294.82,13250198.77,151837567.11,89134007.66,85.71,6.0
2021-01-01,2021-Q1,2021,1,AI,South America,37336592.59,13343483.53,35544,89.42,1345265,23993109.06,64.26,86,40.01,10.4,179.81,2.8,27.75,345.49,38,69.61,39365901.06,23133192.44,37959391.78,13214700.39,37336592.59,23993109.06,28.57,2.0
2021-04-01,2021-Q2,2021,2,AI,South America,43061304.64,14822596.57,42211,97.77,116167,28238708.06,65.58,82,15.33,11.24,190.51,2.91,370.68,-91.36,13,68.46,34402254.58,19841943.19,39365901.06,7589692.36,80397897.23,52231817.12,14.29,1.0
2021-07-01,2021-Q3,2021,3,AI,South America,68865999.18,27845906.57,6042,82.24,911290,41020092.61,59.57,83,59.93,24.81,147.31,2.47,75.57,684.47,19,75.99,43982894.76,26259607.96,34402254.58,12060900.68,149263896.41,93251909.74,42.86,3.0
2021-10-01,2021-Q4,2021,4,AI,South America,55163857.01,28354235.1,49516,93.92,545205,26809621.9,48.6,97,-19.9,10.9,94.55,1.95,101.18,-40.17,9,72.73,51106938.35,30015382.91,43982894.76,7545526.16,204427753.41,120061531.64,71.43,5.0
2022-01-01,2022-Q1,2022,1,AI,South America,20181455.44,7461698.31,36998,91.37,1961734,12719757.13,63.03,100,-63.42,6.55,170.47,2.7,10.29,259.82,96,71.23,46818154.07,27197044.93,51106938.35,11574449.85,20181455.44,12719757.13,28.57,2.0
2022-04-01,2022-Q2,2022,2,AI,South America,34840846.1,15152487.65,24497,93.1,1580309,19688358.44,56.51,71,72.64,8.8,129.93,2.3,22.05,-19.44,40,74.66,44763039.43,25059457.52,46818154.07,12095754.89,55022301.53,32408115.57,71.43,5.0
2022-07-01,2022-Q3,2022,3,AI,South America,39306980.9,27346075.27,24204,90.27,476716,11960905.62,30.43,100,12.82,9.23,43.74,1.44,82.45,-69.83,4,65.24,37373284.86,17794660.77,44763039.43,6943653.25,94329282.43,44369021.19,100.0,7.0
2022-10-01,2022-Q4,2022,4,AI,South America,33137610.54,13293388.52,15670,80.57,230556,19844222.02,59.88,85,-15.7,7.61,149.28,2.49,143.73,-51.64,64,61.14,31866723.24,16053310.8,37373284.86,4299028.55,127466892.97,64213243.21,28.57,2.0
2023-01-01,2023-Q1,2023,1,AI,South America,35478059.72,24610691.44,9487,98.43,185202,10867368.29,30.63,88,7.06,8.66,44.16,1.44,191.56,-19.67,92,82.58,35690874.31,15590213.59,31866723.24,4843157.48,35478059.72,10867368.29,100.0,7.0
2023-04-01,2023-Q2,2023,2,AI,South America,76533342.67,30785655.97,8614,70.07,775469,45747686.71,59.77,80,115.72,17.61,148.6,2.49,98.69,318.72,82,90.61,46113998.46,22105045.66,35690874.31,16261147.65,112011402.39,56615054.99,57.14,4.0
2023-07-01,2023-Q3,2023,3,AI,South America,72537417.32,32475232.51,48045,99.66,859405,40062184.81,55.23,76,-5.22,12.73,123.36,2.23,84.4,10.82,31,85.36,54421607.56,29130365.46,46113998.46,16486454.7,184548819.72,96677239.81,28.57,2.0
2023-10-01,2023-Q4,2023,4,AI,South America,87141391.87,46405601.73,23908,97.83,1913630,40735790.14,46.75,95,20.13,15.99,87.78,1.88,45.54,122.67,38,72.83,67922552.9,34353257.49,54421607.56,15861363.78,271690211.59,137413029.95,71.43,5.0
2024-01-01,2024-Q1,2024,1,AI,South America,26858354.95,10660670.15,21960,82.83,215649,16197684.8,60.31,75,-69.18,6.43,151.94,2.52,124.55,-88.73,89,81.6,65767626.7,35685836.62,67922552.9,13237363.06,26858354.95,16197684.8,28.57,2.0
2024-04-01,2024-Q2,2024,2,AI,South America,59176666.02,18575169.25,16034,81.02,459186,40601496.77,68.61,74,120.33,11.9,218.58,3.19,128.87,112.93,73,97.71,61428457.54,34399289.13,65767626.7,12137894.0,86035020.98,56799181.57,14.29,1.0
2024-07-01,2024-Q3,2024,3,AI,South America,39286782.82,24936816.07,26548,97.22,1215859,14349966.75,36.53,89,-33.61,8.76,57.55,1.58,32.31,164.79,78,89.93,53115798.92,27971234.62,61428457.54,14681199.01,125321803.8,71149148.32,57.14,4.0
2024-10-01,2024-Q4,2024,4,AI,South America,29929756.81,17867220.42,24791,72.54,854874,12062536.39,40.3,71,-23.82,5.56,67.51,1.68,35.01,-29.69,99,90.01,38812890.15,20802921.18,53115798.92,13306974.92,155251560.61,83211684.71,85.71,6.0
2020-01-01,2020-Q1,2020,1,Android,South America,68966108.58,47269212.75,47641,84.07,789057,21696895.84,31.46,76,0.0,25.88,45.9,1.46,87.4,0.0,46,69.16,68966108.58,21696895.84,68966108.58,0.0,68966108.58,21696895.84,100.0,7.0
2020-04-01,2020-Q2,2020,2,Android,South America,41911873.5,16470140.52,20452,87.85,157607,25441732.98,60.7,91,-39.23,12.77,154.47,2.54,265.93,-80.03,32,72.58,55438991.04,23569314.41,68966108.58,2647999.74,110877982.09,47138628.82,42.86,3.0
2020-07-01,2020-Q3,2020,3,Android,South America,24565679.08,14849337.72,44077,88.89,392528,9716341.36,39.55,92,-41.39,8.6,65.43,1.65,62.58,149.05,22,70.84,45147887.05,18951656.72,55438991.04,8214270.43,135443661.16,56854970.17,85.71,6.0
2020-10-01,2020-Q4,2020,4,Android,South America,42043108.24,19051873.1,14714,76.66,1282216,22991235.14,54.68,74,71.15,10.58,120.68,2.21,32.79,226.66,82,93.21,44371692.35,19961551.33,45147887.05,7004453.89,177486769.4,79846205.31,28.57,2.0
2021-01-01,2021-Q1,2021,1,Android,South America,22874586.52,7620582.4,23491,70.43,533261,15254004.12,66.69,76,-45.59,6.37,200.17,3.0,42.9,-58.41,47,67.55,32848811.84,18350828.4,44371692.35,7210154.64,22874586.52,15254004.12,14.29,1.0
2021-04-01,2021-Q2,2021,2,Android,South America,48545971.21,18553062.33,12716,70.42,1333492,29992908.88,61.78,84,112.23,12.67,161.66,2.62,36.41,150.06,76,72.44,34507336.26,19488622.38,32848811.84,8870133.39,71420557.74,45246913.0,42.86,3.0
2021-07-01,2021-Q3,2021,3,Android,South America,75462396.65,44621346.5,31321,90.73,1183531,30841050.15,40.87,81,55.45,27.19,69.12,1.69,63.76,-11.25,48,84.93,47231515.66,24769799.57,34507336.26,7253840.57,146882954.39,76087963.15,71.43,5.0
2021-10-01,2021-Q4,2021,4,Android,South America,50213803.27,15654865.49,15402,96.34,701082,34558937.78,68.82,73,-33.46,9.92,220.76,3.21,71.62,-40.76,81,98.86,49274189.41,27661725.23,47231515.66,8506186.14,197096757.65,110646900.93,14.29,1.0
2022-01-01,2022-Q1,2022,1,Android,South America,53224382.96,24174906.95,7075,74.56,748747,29049476.01,54.58,95,6.0,17.27,120.16,2.2,71.08,6.8,98,62.62,56861638.52,31110593.2,49274189.41,2412547.49,53224382.96,29049476.01,57.14,4.0
2022-04-01,2022-Q2,2022,2,Android,South America,45157525.98,17398486.5,29146,75.07,346557,27759039.49,61.47,83,-15.16,11.41,159.55,2.6,130.3,-53.72,22,83.12,56014527.22,30552125.86,56861638.52,2955069.49,98381908.94,56808515.49,14.29,1.0
2022-07-01,2022-Q3,2022,3,Android,South America,63072660.95,28550046.17,6273,84.16,697945,34522614.78,54.73,94,39.67,14.81,120.92,2.21,90.37,101.39,1,85.22,52917093.29,31472517.01,56014527.22,3581905.11,161454569.89,91331130.28,28.57,2.0
2022-10-01,2022-Q4,2022,4,Android,South America,70528901.3,26174786.95,25884,72.65,926799,44354114.35,62.89,96,11.82,16.19,169.45,2.69,76.1,32.79,6,93.16,57995867.8,33921311.16,52917093.29,7547920.65,231983471.19,135685244.63,14.29,1.0
2023-01-01,2023-Q1,2023,1,Android,South America,33843094.3,21317639.36,38105,72.02,785419,12525454.94,37.01,87,-52.02,8.26,58.76,1.59,43.09,-15.25,0,89.45,53150545.63,29790305.89,57995867.8,13375355.27,33843094.3,12525454.94,71.43,5.0
2023-04-01,2023-Q2,2023,2,Android,South America,32153921.6,11594961.38,48260,91.31,892274,20558960.22,63.94,74,-4.99,7.4,177.31,2.77,36.04,13.6,52,66.01,49899644.54,27990286.07,53150545.63,14198964.75,65997015.9,33084415.16,42.86,3.0
2023-07-01,2023-Q3,2023,3,Android,South America,98657865.66,62449600.94,11716,78.67,879974,36208264.72,36.7,98,206.83,17.31,57.98,1.58,112.11,-1.38,48,64.66,58795945.72,28411698.56,49899644.54,14479701.9,164654881.56,69292679.88,85.71,6.0
2023-10-01,2023-Q4,2023,4,Android,South America,106772872.05,61200285.75,9113,80.18,611741,45572586.3,42.68,73,8.23,19.59,74.46,1.74,174.54,-30.48,35,74.25,67856938.4,28716316.55,58795945.72,14932621.78,271427753.61,114865266.19,85.71,6.0
2024-01-01,2024-Q1,2024,1,Android,South America,58311117.17,39003249.51,18184,89.33,204292,19307867.66,33.11,93,-45.39,13.97,49.5,1.5,285.43,-66.6,16,98.57,73973944.12,30411919.73,67856938.4,12699399.06,58311117.17,19307867.66,85.71,6.0
2024-04-01,2024-Q2,2024,2,Android,South America,31556850.22,16712697.36,10758,93.86,507115,14844152.85,47.04,71,-45.88,6.35,88.82,1.89,62.23,148.23,89,76.01,73824676.28,28983217.89,73973944.12,14386730.09,89867967.39,34152020.52,85.71,6.0
2024-07-01,2024-Q3,2024,3,Android,South America,39213431.36,20105317.87,46890,72.03,1784749,19108113.48,48.73,75,24.26,8.75,95.04,1.95,21.97,251.94,1,77.23,58963567.7,24708180.08,73824676.28,14061135.57,129081398.75,53260134.0,42.86,3.0
2024-10-01,2024-Q4,2024,4,Android,South America,93904303.68,40233178.38,15114,70.06,1408822,53671125.3,57.16,95,139.47,17.45,133.4,2.33,66.65,-21.06,76,63.26,55746425.61,26732814.83,58963567.7,18076492.71,222985702.43,106931259.3,57.14,4.0
2020-01-01,2020-Q1,2020,1,Cloud,South America,28237106.86,16802500.54,6370,90.84,416889,11434606.32,40.49,95,0.0,10.6,68.05,1.68,67.73,0.0,55,66.56,28237106.86,11434606.32,28237106.86,0.0,28237106.86,11434606.32,57.14,4.0
2020-04-01,2020-Q2,2020,2,Cloud,South America,26096320.42,17257035.3,5636,75.17,787670,8839285.12,33.87,75,-7.58,7.95,51.22,1.51,33.13,88.94,36,65.09,27166713.64,10136945.72,28237106.86,1835169.22,54333427.28,20273891.44,100.0,7.0
2020-07-01,2020-Q3,2020,3,Cloud,South America,60485040.4,32509915.99,20263,98.18,1519787,27975124.41,46.25,89,131.78,21.18,86.05,1.86,39.8,92.95,76,80.28,38272822.56,16083005.28,27166713.64,10380308.09,114818467.68,48249015.85,71.43,5.0
2020-10-01,2020-Q4,2020,4,Cloud,South America,47995269.84,29183651.97,23055,95.05,181482,18811617.87,39.19,78,-20.65,12.08,64.46,1.64,264.46,-88.06,18,64.22,40703434.38,16765158.43,38272822.56,8584590.59,162813737.53,67060633.72,100.0,7.0
2021-01-01,2021-Q1,2021,1,Cloud,South America,23889472.93,9995781.35,48060,94.88,342720,13893691.59,58.16,97,-50.23,6.65,139.0,2.39,69.71,88.85,96,77.43,39616525.9,17379929.75,40703434.38,8152798.05,23889472.93,13893691.59,57.14,4.0
2021-04-01,2021-Q2,2021,2,Cloud,South America,75784581.67,49405274.58,20119,79.72,1425834,26379307.09,34.81,78,217.23,19.78,53.39,1.53,53.15,316.03,12,88.07,52038591.21,21764935.24,39616525.9,6596398.95,99674054.6,40272998.68,71.43,5.0
2021-07-01,2021-Q3,2021,3,Cloud,South America,31621764.17,16098874.95,25058,70.43,1760744,15522889.22,49.09,99,-58.27,11.39,96.42,1.96,17.96,23.49,11,81.48,44822772.15,18651876.44,52038591.21,5542850.83,131295818.78,55795887.9,57.14,4.0
2021-10-01,2021-Q4,2021,4,Cloud,South America,78496901.33,26276284.21,40066,88.44,504737,52220617.12,66.53,70,148.24,15.5,198.74,2.99,155.52,-71.33,78,73.54,52448180.03,27004126.26,44822772.15,17700886.15,209792720.11,108016505.02,28.57,2.0
2022-01-01,2022-Q1,2022,1,Cloud,South America,55300317.05,27979474.1,33343,78.47,734425,27320842.95,49.4,90,-29.55,17.94,97.65,1.98,75.3,45.51,60,74.98,60300891.06,30360914.1,52448180.03,15525343.0,55300317.05,27320842.95,71.43,5.0
2022-04-01,2022-Q2,2022,2,Cloud,South America,79428337.03,50178452.23,45242,98.76,375170,29249884.8,36.83,70,43.63,20.07,58.29,1.58,211.71,-48.92,89,70.53,61211829.9,31078558.52,60300891.06,15345248.59,134728654.09,56570727.75,100.0,7.0
2022-07-01,2022-Q3,2022,3,Cloud,South America,50397660.12,21868839.42,17487,74.82,109798,28528820.7,56.61,77,-36.55,11.83,130.45,2.3,459.0,-70.73,67,85.91,65905803.88,34330041.39,61211829.9,11953572.9,185126314.21,85099548.45,14.29,1.0
2022-10-01,2022-Q4,2022,4,Cloud,South America,89628016.96,53728527.8,37471,95.12,1002318,35899489.16,40.05,71,77.84,20.57,66.82,1.67,89.42,812.87,19,98.22,68688582.79,30249759.4,65905803.88,3849648.35,274754331.16,120999037.61,71.43,5.0
2023-01-01,2023-Q1,2023,1,Cloud,South America,54853775.21,30821530.52,39803,76.34,548897,24032244.69,43.81,76,-38.8,13.38,77.97,1.78,99.93,-45.24,30,62.83,68576947.33,29427609.84,68688582.79,4893349.06,54853775.21,24032244.69,42.86,3.0
2023-04-01,2023-Q2,2023,2,Cloud,South America,40664772.75,12488156.23,22964,85.16,1122490,28176616.52,69.29,92,-25.87,9.36,225.63,3.26,36.23,104.5,32,71.42,58886056.26,29159292.77,68576947.33,4935585.65,95518547.96,52208861.21,14.29,1.0
2023-07-01,2023-Q3,2023,3,Cloud,South America,61696929.08,38112373.47,29820,85.87,1066577,23584555.61,38.23,77,51.72,10.82,61.88,1.62,57.85,-4.98,78,76.0,61710873.5,27923226.5,58886056.26,5705225.0,157215477.04,75793416.82,71.43,5.0
2023-10-01,2023-Q4,2023,4,Cloud,South America,68088392.6,47363233.77,34810,83.94,778110,20725158.83,30.44,95,10.36,12.49,43.76,1.44,87.5,-27.05,64,64.63,56325967.41,24129643.91,61710873.5,3070022.47,225303869.63,96518575.65,100.0,7.0
2024-01-01,2024-Q1,2024,1,Cloud,South America,71396272.43,29991700.99,27426,96.23,1806244,41404571.44,57.99,88,4.86,17.1,138.05,2.38,39.53,132.13,61,86.34,60461591.71,28472725.6,56325967.41,9151308.0,71396272.43,41404571.44,42.86,3.0
2024-04-01,2024-Q2,2024,2,Cloud,South America,81215783.37,34100933.75,19140,86.82,1980292,47114849.62,58.01,90,13.75,16.33,138.16,2.38,41.01,9.64,69,79.85,70599344.37,33207283.88,60461591.71,13025823.75,152612055.8,88519421.06,42.86,3.0
2024-07-01,2024-Q3,2024,3,Cloud,South America,94088534.23,60075981.34,44869,71.51,533024,34012552.89,36.15,80,15.85,20.99,56.62,1.57,176.52,-73.08,73,60.98,78697245.66,35814283.2,70599344.37,11400029.68,246700590.03,122531973.95,71.43,5.0
2024-10-01,2024-Q4,2024,4,Cloud,South America,46766716.45,15394668.5,44632,70.52,1634730,31372047.94,67.08,70,-50.29,8.69,203.79,3.04,28.61,206.69,27,73.6,73366826.62,38476005.47,78697245.66,7155295.2,293467306.48,153904021.89,28.57,2.0
2020-01-01,2020-Q1,2020,1,Hardware,South America,29262505.74,18810168.63,14006,96.93,1047109,10452337.12,35.72,82,0.0,10.98,55.57,1.56,27.95,0.0,14,61.91,29262505.74,10452337.12,29262505.74,0.0,29262505.74,10452337.12,85.71,6.0
2020-04-01,2020-Q2,2020,2,Hardware,South America,61687114.35,24732031.24,48778,75.37,1244276,36955083.11,59.91,70,110.81,18.8,149.42,2.49,49.58,18.83,8,61.57,45474810.04,23703710.11,29262505.74,18740271.41,90949620.09,47407420.22,57.14,4.0
2020-07-01,2020-Q3,2020,3,Hardware,South America,27753186.75,13597480.45,10967,80.71,163936,14155706.3,51.01,89,-55.01,9.72,104.11,2.04,169.29,-86.82,99,70.76,39567602.28,20521042.17,45474810.04,14352247.63,118702806.84,61563126.52,28.57,2.0
2020-10-01,2020-Q4,2020,4,Hardware,South America,74953836.56,24548452.52,6508,80.58,816524,50405384.04,67.25,85,170.07,18.87,205.33,3.05,91.8,398.07,36,99.29,48414160.85,27992127.64,39567602.28,18989290.32,193656643.39,111968510.56,14.29,1.0
2021-01-01,2021-Q1,2021,1,Hardware,South America,75921518.49,29306971.24,8886,91.73,740580,46614547.24,61.4,72,1.29,21.14,159.06,2.59,102.52,-9.3,87,60.21,60078914.03,37032680.17,48414160.85,16268613.34,75921518.49,46614547.24,42.86,3.0
2021-04-01,2021-Q2,2021,2,Hardware,South America,37862035.13,19307942.71,34872,74.77,1503335,18554092.42,49.0,90,-50.13,9.88,96.1,1.96,25.19,102.99,3,82.93,54122644.23,32432432.5,60078914.03,18715469.62,113783553.62,65168639.67,57.14,4.0
2021-07-01,2021-Q3,2021,3,Hardware,South America,26465978.71,17577190.32,43509,81.71,1958757,8888788.39,33.59,96,-30.1,9.53,50.57,1.51,13.51,30.29,69,85.28,53800842.22,31115703.02,54122644.23,20527508.05,140249532.33,74057428.06,100.0,7.0
2021-10-01,2021-Q4,2021,4,Hardware,South America,82670498.74,37241599.06,33104,86.93,875348,45428899.68,54.95,88,212.37,16.33,121.98,2.22,94.44,-55.31,53,79.04,55730007.77,29871581.93,53800842.22,19067600.94,222920031.07,119486327.74,57.14,4.0
2022-01-01,2022-Q1,2022,1,Hardware,South America,62767894.08,20112598.16,12218,80.3,460095,42655295.92,67.96,73,-24.07,20.36,212.08,3.12,136.42,-47.44,14,64.11,52441601.67,28881769.1,55730007.77,17980524.23,62767894.08,42655295.92,14.29,1.0
2022-04-01,2022-Q2,2022,2,Hardware,South America,23396151.91,9088226.75,40793,85.07,343904,14307925.16,61.16,83,-62.73,5.91,157.43,2.57,68.03,-25.25,29,97.98,48825130.86,27820227.29,52441601.67,18895557.61,86164046.0,56963221.08,28.57,2.0
2022-07-01,2022-Q3,2022,3,Hardware,South America,73517442.4,40655085.9,14754,96.68,1386023,32862356.5,44.7,92,214.23,17.26,80.83,1.81,53.04,303.03,84,82.14,60587996.78,33813619.31,48825130.86,14076777.43,159681488.39,89825577.58,57.14,4.0
2022-10-01,2022-Q4,2022,4,Hardware,South America,27828497.62,15904681.35,12412,76.68,1728928,11923816.27,42.85,87,-62.15,6.39,74.97,1.75,16.1,24.74,52,99.24,46877496.5,25437348.46,60587996.78,14810672.66,187509986.01,101749393.85,57.14,4.0
2023-01-01,2023-Q1,2023,1,Hardware,South America,63740645.01,33798066.5,29067,96.59,229316,29942578.51,46.98,86,129.05,15.55,88.59,1.89,277.96,-86.74,81,63.69,47120684.23,22259169.11,46877496.5,10669335.52,63740645.01,29942578.51,28.57,2.0
2023-04-01,2023-Q2,2023,2,Hardware,South America,48951427.9,22405275.31,17826,75.52,878951,26546152.59,54.23,100,-23.2,11.26,118.48,2.18,55.69,283.29,51,66.48,53509503.23,25318725.97,47120684.23,9295456.88,112692072.91,56488731.1,71.43,5.0
2023-07-01,2023-Q3,2023,3,Hardware,South America,83416330.77,57350750.57,13099,85.9,1457493,26065580.21,31.25,89,70.41,14.63,45.45,1.45,57.23,65.82,55,97.32,55984225.33,23619531.89,53509503.23,7985798.72,196108403.68,82554311.3,100.0,7.0
2023-10-01,2023-Q4,2023,4,Hardware,South America,81464682.55,29501924.05,19699,79.77,793915,51962758.49,63.79,97,-2.34,14.95,176.13,2.76,102.61,-45.53,79,80.82,69393271.56,33629267.45,55984225.33,12343533.39,277573086.23,134517069.79,42.86,3.0
2024-01-01,2024-Q1,2024,1,Hardware,South America,45727591.37,20825537.46,43784,97.27,1873437,24902053.9,54.46,82,-43.87,10.95,119.57,2.2,24.41,135.97,45,87.89,64890008.15,32369136.3,69393271.56,13080638.48,45727591.37,24902053.9,57.14,4.0
2024-04-01,2024-Q2,2024,2,Hardware,South America,63029356.76,39855038.31,42691,84.71,1648070,23174318.45,36.77,77,37.84,12.68,58.15,1.58,38.24,-12.03,29,73.82,68409490.36,31526177.76,64890008.15,13676068.25,108756948.12,48076372.35,100.0,7.0
2024-07-01,2024-Q3,2024,3,Hardware,South America,75390620.65,29951848.71,24980,82.0,279298,45438771.94,60.27,91,19.61,16.82,151.71,2.52,269.93,-83.05,17,68.0,66403062.83,36369475.7,68409490.36,14503063.36,184147568.77,93515144.29,14.29,1.0
2024-10-01,2024-Q4,2024,4,Hardware,South America,49061383.16,31825073.96,38625,83.05,1619449,17236309.2,35.13,91,-34.92,9.12,54.16,1.54,30.3,479.83,84,66.53,58302237.98,27687863.37,66403062.83,12280914.21,233208951.94,110751453.49,100.0,7.0
2020-01-01,2020-Q1,2020,1,Maps,South America,32471983.19,15801517.8,44224,89.54,1140467,16670465.39,51.34,76,0.0,12.19,105.5,2.05,28.47,0.0,22,77.23,32471983.19,16670465.39,32471983.19,0.0,32471983.19,16670465.39,28.57,2.0
2020-04-01,2020-Q2,2020,2,Maps,South America,50365133.72,28713846.07,16510,92.88,1928742,21651287.65,42.99,77,55.1,15.35,75.4,1.75,26.11,69.12,48,63.91,41418558.46,19160876.52,32471983.19,3521973.2,82837116.91,38321753.04,85.71,6.0
2020-07-01,2020-Q3,2020,3,Maps,South America,66411409.61,34600394.21,21781,83.64,432464,31811015.41,47.9,89,31.86,23.25,91.94,1.92,153.57,-77.58,94,86.78,49749508.84,23377589.48,41418558.46,7716485.74,149248526.52,70132768.45,57.14,4.0
2020-10-01,2020-Q4,2020,4,Maps,South America,61799692.24,31735237.06,39725,79.45,1314386,30064455.18,48.65,94,-6.94,15.56,94.74,1.95,47.02,203.93,55,84.59,52762054.69,25049305.91,49749508.84,7132646.4,211048218.76,100197223.62,42.86,3.0
2021-01-01,2021-Q1,2021,1,Maps,South America,64319212.84,38278749.58,11819,91.8,647652,26040463.25,40.49,77,4.08,17.91,68.03,1.68,99.31,-50.73,27,74.3,60723862.1,27391805.37,52762054.69,4525930.61,64319212.84,26040463.25,85.71,6.0
2021-04-01,2021-Q2,2021,2,Maps,South America,33806862.12,22222008.11,21942,84.21,1284057,11584854.01,34.27,95,-47.44,8.82,52.13,1.52,26.33,98.26,89,73.69,56584294.2,24875196.96,60723862.1,9183772.64,98126074.96,37625317.27,100.0,7.0
2021-07-01,2021-Q3,2021,3,Maps,South America,28964820.17,9995688.41,47036,75.33,532353,18969131.76,65.49,98,-14.32,10.44,189.77,2.9,54.41,-58.54,93,97.61,47222646.84,21664726.05,56584294.2,8135776.43,127090895.13,56594449.03,14.29,1.0
2021-10-01,2021-Q4,2021,4,Maps,South America,68716945.09,40285438.59,31749,81.31,610350,28431506.5,41.37,97,137.24,13.57,70.58,1.71,112.59,14.65,27,84.63,48951960.06,21256488.88,47222646.84,7596925.09,195807840.22,85025955.53,100.0,7.0
2022-01-01,2022-Q1,2022,1,Maps,South America,18664218.89,8458215.86,46581,90.76,614858,10206003.03,54.68,85,-72.84,6.06,120.66,2.21,30.36,0.74,31,99.15,37538211.57,17297873.83,48951960.06,8360305.14,18664218.89,10206003.03,42.86,3.0
2022-04-01,2022-Q2,2022,2,Maps,South America,82349169.53,38609422.09,10869,72.19,665127,43739747.45,53.11,87,341.21,20.81,113.29,2.13,123.81,8.18,80,81.05,49673788.42,25336597.19,37538211.57,14349609.73,101013388.42,53945750.48,85.71,6.0
2022-07-01,2022-Q3,2022,3,Maps,South America,76720154.51,48300815.12,27068,90.87,580171,28419339.39,37.04,92,-6.84,18.02,58.84,1.59,132.24,-12.77,72,87.12,61612622.01,27699149.09,49673788.42,13715757.07,177733542.94,82365089.88,85.71,6.0
2022-10-01,2022-Q4,2022,4,Maps,South America,78925843.92,52180944.37,13104,88.07,1789909,26744899.55,33.89,74,2.87,18.12,51.25,1.51,44.09,208.51,59,95.08,64164846.71,27277497.36,61612622.01,13711662.43,256659386.85,109109989.42,100.0,7.0
2023-01-01,2023-Q1,2023,1,Maps,South America,85298087.8,56542397.51,10018,90.22,1274212,28755690.3,33.71,77,8.07,20.81,50.86,1.51,66.94,-28.81,29,72.15,80823313.94,31914919.17,64164846.71,7932117.66,85298087.8,28755690.3,85.71,6.0
2023-04-01,2023-Q2,2023,2,Maps,South America,87017325.05,40436298.88,9867,91.76,644170,46581026.17,53.53,85,2.02,20.02,115.2,2.15,135.08,-49.45,63,90.71,81990352.82,32625238.85,80823313.94,9345326.57,172315412.86,75336716.46,85.71,6.0
2023-07-01,2023-Q3,2023,3,Maps,South America,89815766.17,29956527.05,14577,99.54,1592693,59859239.12,66.65,76,3.22,15.76,199.82,3.0,56.39,147.25,54,95.15,85264255.74,40485213.78,81990352.82,15693838.95,262131179.03,135195955.59,14.29,1.0
2023-10-01,2023-Q4,2023,4,Maps,South America,65819020.36,19950086.74,48161,82.67,1889909,45868933.61,69.69,80,-26.72,12.08,229.92,3.3,34.83,18.66,49,72.15,81987549.85,45266222.3,85264255.74,12749454.59,327950199.38,181064889.2,14.29,1.0
2024-01-01,2024-Q1,2024,1,Maps,South America,59316595.62,36034991.21,43782,72.37,1417277,23281604.41,39.25,88,-9.88,14.21,64.61,1.65,41.85,-25.01,82,61.09,75492176.8,43897700.83,81987549.85,15175420.15,59316595.62,23281604.41,71.43,5.0
2024-04-01,2024-Q2,2024,2,Maps,South America,74647222.38,35174445.33,8744,90.54,1273362,39472777.06,52.88,73,25.85,15.01,112.22,2.12,58.62,-10.15,27,88.4,72399651.13,42120638.55,75492176.8,15172651.32,133963818.0,62754381.46,57.14,4.0
2024-07-01,2024-Q3,2024,3,Maps,South America,56380211.08,37435373.59,28861,95.89,346185,18944837.49,33.6,98,-24.47,12.58,50.61,1.51,162.86,-72.81,66,83.46,64040762.36,31892038.14,72399651.13,12839921.9,190344029.08,81699218.96,85.71,6.0
2024-10-01,2024-Q4,2024,4,Maps,South America,98150988.29,58320862.6,21344,81.47,1026323,39830125.69,40.58,92,74.09,18.24,68.29,1.68,95.63,196.47,54,99.68,72123754.34,30382336.16,64040762.36,10849479.4,288495017.37,121529344.65,71.43,5.0
2020-01-01,2020-Q1,2020,1,Search,South America,52336115.28,33302423.87,43113,93.91,1170143,19033691.41,36.37,80,0.0,19.64,57.15,1.57,44.73,0.0,90,96.87,52336115.28,19033691.41,52336115.28,0.0,52336115.28,19033691.41,71.43,5.0
2020-04-01,2020-Q2,2020,2,Search,South America,37434440.21,17432173.83,25931,80.95,286725,20002266.37,53.43,75,-28.47,11.41,114.74,2.15,130.56,-75.5,44,65.28,44885277.75,19517978.89,52336115.28,684885.93,89770555.49,39035957.78,71.43,5.0
2020-07-01,2020-Q3,2020,3,Search,South America,38762875.34,26582755.27,29392,71.8,867845,12180120.07,31.42,76,3.55,13.57,45.82,1.46,44.67,202.68,53,97.66,42844476.94,17072025.95,44885277.75,4264105.04,128533430.83,51216077.85,100.0,7.0
2020-10-01,2020-Q4,2020,4,Search,South America,58317557.05,31896684.38,32185,99.31,1229579,26420872.67,45.31,100,50.45,14.68,82.83,1.83,47.43,41.68,32,90.54,46712746.97,19409237.63,42844476.94,5828547.13,186850987.88,77636950.52,71.43,5.0
2021-01-01,2021-Q1,2021,1,Search,South America,71315365.7,43101918.6,39719,78.97,548818,28213447.1,39.56,99,22.29,19.86,65.46,1.65,129.94,-55.37,10,65.77,51457559.58,21704176.55,46712746.97,7262276.4,71315365.7,28213447.1,100.0,7.0
2021-04-01,2021-Q2,2021,2,Search,South America,70078971.75,26109054.1,25902,98.18,1925059,43969917.65,62.74,77,-1.73,18.29,168.41,2.68,36.4,250.76,15,80.68,59618692.46,27696089.37,51457559.58,13006109.17,141394337.46,72183364.75,28.57,2.0
2021-07-01,2021-Q3,2021,3,Search,South America,22267376.58,14608181.52,6084,72.46,1786233,7659195.07,34.4,90,-68.23,8.02,52.43,1.52,12.47,-7.21,84,86.34,55494817.77,26565858.12,59618692.46,14867176.0,163661714.04,79842559.82,85.71,6.0
2021-10-01,2021-Q4,2021,4,Search,South America,77013967.78,42009572.97,6691,99.29,608886,35004394.82,45.45,87,245.86,15.21,83.32,1.83,126.48,-65.91,16,90.77,60168920.46,28711738.66,55494817.77,15447410.07,240675681.82,114846954.64,85.71,6.0
2022-01-01,2022-Q1,2022,1,Search,South America,26808636.2,17854118.04,15780,75.91,971635,8954518.15,33.4,83,-65.19,8.7,50.15,1.5,27.59,59.58,18,78.9,49042238.08,23897006.42,60168920.46,18377888.12,26808636.2,8954518.15,100.0,7.0
2022-04-01,2022-Q2,2022,2,Search,South America,52892263.76,22639657.12,12165,96.96,351717,30252606.63,57.2,99,97.3,13.37,133.63,2.34,150.38,-63.8,36,93.7,44745561.08,20467678.67,49042238.08,14185333.37,79700899.95,39207124.78,57.14,4.0
2022-07-01,2022-Q3,2022,3,Search,South America,34157982.7,16680706.83,36922,87.86,961780,17477275.87,51.17,85,-35.42,8.02,104.78,2.05,35.52,173.45,46,74.11,47718212.61,22922198.87,44745561.08,11894783.56,113858882.65,56684400.66,42.86,3.0
2022-10-01,2022-Q4,2022,4,Search,South America,43212727.02,26208200.08,32241,89.71,282719,17004526.95,39.35,83,26.51,9.92,64.88,1.65,152.85,-70.6,67,78.58,39267902.42,18422231.9,47718212.61,8803374.34,157071609.67,73688927.6,85.71,6.0
2023-01-01,2023-Q1,2023,1,Search,South America,58136407.53,34284803.28,45465,89.63,823071,23851604.25,41.03,80,34.54,14.18,69.57,1.7,70.63,191.13,68,85.58,47099845.25,22146503.42,39267902.42,6241204.1,58136407.53,23851604.25,57.14,4.0
2023-04-01,2023-Q2,2023,2,Search,South America,96034000.08,33876787.29,29696,85.99,768321,62157212.79,64.72,94,65.19,22.09,183.48,2.83,124.99,-6.65,33,91.06,57885279.33,30122654.97,47099845.25,21583403.09,154170407.61,86008817.04,28.57,2.0
2023-07-01,2023-Q3,2023,3,Search,South America,80660645.21,39954908.11,38549,78.89,1779762,40705737.1,50.47,94,-16.01,14.15,101.88,2.02,45.32,131.64,16,91.76,69510944.96,35929770.27,57885279.33,20122421.41,234831052.82,126714554.14,42.86,3.0
2023-10-01,2023-Q4,2023,4,Search,South America,101753168.33,34386542.37,29684,84.4,1830443,67366625.95,66.21,99,26.15,18.67,195.91,2.96,55.59,2.85,50,72.86,84146055.29,48520295.02,69510944.96,20089477.64,336584221.14,194081180.09,28.57,2.0
2024-01-01,2024-Q1,2024,1,Search,South America,80377610.2,54118198.65,35361,95.38,1843103,26259411.55,32.67,88,-21.01,19.25,48.52,1.49,43.61,0.69,21,78.07,89706355.95,49122246.85,84146055.29,19116437.78,80377610.2,26259411.55,100.0,7.0
2024-04-01,2024-Q2,2024,2,Search,South America,98458093.33,52116697.05,24161,79.19,1511672,46341396.28,47.07,70,22.49,19.8,88.92,1.89,65.13,-17.98,54,61.68,90312379.26,45168292.72,89706355.95,17045061.45,178835703.52,72600807.83,71.43,5.0
2024-07-01,2024-Q3,2024,3,Search,South America,74225576.65,33502296.02,10549,98.02,1090839,40723280.63,54.86,73,-24.61,16.56,121.55,2.22,68.04,-27.84,15,77.14,88703612.12,45172678.6,90312379.26,17043532.62,253061280.17,113324088.46,28.57,2.0
2024-10-01,2024-Q4,2024,4,Search,South America,94760961.13,35201521.2,6880,89.32,598413,59559439.93,62.85,98,27.67,17.61,169.2,2.69,158.35,-45.14,65,69.15,86955560.32,43220882.1,88703612.12,13791489.85,347822241.3,172883528.38,42.86,3.0
2020-01-01,2020-Q1,2020,1,YouTube,South America,23484046.48,11725104.21,11586,78.94,320525,11758942.27,50.07,74,0.0,8.81,100.29,2.0,73.27,0.0,29,79.31,23484046.48,11758942.27,23484046.48,0.0,23484046.48,11758942.27,42.86,3.0
2020-04-01,2020-Q2,2020,2,YouTube,South America,47719137.52,18392326.35,46089,81.3,232180,29326811.17,61.46,78,103.2,14.54,159.45,2.59,205.53,-27.56,19,95.97,35601592.0,20542876.72,23484046.48,12422359.23,71203184.01,41085753.45,28.57,2.0
2020-07-01,2020-Q3,2020,3,YouTube,South America,37093552.01,12623993.7,42717,72.68,735824,24469558.31,65.97,76,-22.27,12.99,193.83,2.94,50.41,216.92,98,97.09,36098912.01,21851770.59,35601592.0,9071775.67,108296736.02,65555311.76,14.29,1.0
2020-10-01,2020-Q4,2020,4,YouTube,South America,85505165.43,44518583.19,30750,81.45,1059645,40986582.24,47.93,92,130.51,21.52,92.07,1.92,80.69,44.01,68,63.15,48450475.36,26635473.5,36098912.01,12099586.64,193801901.45,106541894.0,57.14,4.0
2021-01-01,2021-Q1,2021,1,YouTube,South America,63476849.67,32584920.62,10996,86.81,1617714,30891929.05,48.67,91,-25.76,17.67,94.8,1.95,39.24,52.67,47,87.57,58448676.16,31418720.2,48450475.36,6939943.02,63476849.67,30891929.05,71.43,5.0
2021-04-01,2021-Q2,2021,2,YouTube,South America,74050051.78,48487521.79,41430,78.41,1851608,25562529.99,34.52,75,16.66,19.32,52.72,1.53,39.99,14.46,23,81.99,65031404.72,30477649.9,58448676.16,7546850.43,137526901.45,56454459.04,85.71,6.0
2021-07-01,2021-Q3,2021,3,YouTube,South America,23923299.64,9452368.79,15089,75.7,268770,14470930.85,60.49,74,-67.69,8.62,153.09,2.53,89.01,-85.48,55,87.94,61738841.63,27977993.03,65031404.72,11045204.19,161450201.09,70925389.89,28.57,2.0
2021-10-01,2021-Q4,2021,4,YouTube,South America,94024539.53,39716831.97,39400,89.66,760163,54307707.56,57.76,97,293.02,18.57,136.74,2.37,123.69,182.83,40,83.4,63868685.16,31308274.36,61738841.63,16789450.91,255474740.63,125233097.45,42.86,3.0
2022-01-01,2022-Q1,2022,1,YouTube,South America,71294414.69,36367799.51,29960,93.45,1204870,34926615.17,48.99,97,-24.17,23.13,96.04,1.96,59.17,58.5,52,97.2,65823076.41,32316945.89,63868685.16,16877068.86,71294414.69,34926615.17,85.71,6.0
2022-04-01,2022-Q2,2022,2,YouTube,South America,77673368.17,32339186.23,47692,97.73,834602,45334181.94,58.37,98,8.95,19.63,140.18,2.4,93.07,-30.73,14,66.06,66728905.51,37259858.88,65823076.41,17132844.72,148967782.86,80260797.11,42.86,3.0
2022-07-01,2022-Q3,2022,3,YouTube,South America,88671997.23,55429631.84,15926,71.11,1293033,33242365.4,37.49,99,14.16,20.82,59.97,1.6,68.58,54.93,32,63.17,82916079.91,41952717.52,66728905.51,9820326.35,237639780.09,113503162.51,71.43,5.0
2022-10-01,2022-Q4,2022,4,YouTube,South America,92363576.49,44597411.27,25228,75.58,1345633,47766165.22,51.72,99,4.16,21.2,107.11,2.07,68.64,4.07,95,66.33,82500839.14,40317331.93,82916079.91,7297690.96,330003356.57,161269327.73,42.86,3.0
2023-01-01,2023-Q1,2023,1,YouTube,South America,78534786.51,26153552.46,7965,74.09,618282,52381234.05,66.7,93,-14.97,19.16,200.28,3.0,127.02,-54.05,72,68.12,84310932.1,44680986.65,82500839.14,8166616.13,78534786.51,52381234.05,14.29,1.0
2023-04-01,2023-Q2,2023,2,YouTube,South America,53293663.57,33451295.13,41796,75.68,1192651,19842368.44,37.23,82,-32.14,12.26,59.32,1.59,44.69,92.9,16,74.02,78216005.95,38308033.28,84310932.1,14766550.14,131828450.08,72223602.49,100.0,7.0
2023-07-01,2023-Q3,2023,3,YouTube,South America,83228534.35,46170009.17,40068,76.61,940987,37058525.19,44.53,93,56.17,14.6,80.27,1.8,88.45,-21.1,24,84.4,76855140.23,39262073.22,78216005.95,14450057.89,215056984.43,109282127.68,57.14,4.0
2023-10-01,2023-Q4,2023,4,YouTube,South America,33886321.72,12775186.67,40781,84.63,519345,21111135.05,62.3,77,-59.29,6.22,165.25,2.65,65.25,-44.81,70,68.06,62235826.54,32598315.68,76855140.23,15339783.1,248943306.15,130393262.73,57.14,4.0
2024-01-01,2024-Q1,2024,1,YouTube,South America,75471060.26,23279581.49,45126,88.96,1777963,52191478.77,69.15,77,122.72,18.08,224.19,3.24,42.45,242.35,91,71.43,61469894.98,32550876.86,62235826.54,15258287.54,75471060.26,52191478.77,14.29,1.0
2024-04-01,2024-Q2,2024,2,YouTube,South America,89163488.72,28407432.39,6429,89.54,605677,60756056.33,68.14,76,18.14,17.93,213.87,3.14,147.21,-65.93,93,97.4,70437351.27,42779298.84,61469894.98,17454603.16,164634548.99,112947535.11,28.57,2.0
2024-07-01,2024-Q3,2024,3,YouTube,South America,69673010.76,47723759.28,46310,89.67,163677,21949251.48,31.5,89,-21.86,15.54,45.99,1.46,425.67,-72.98,25,88.96,67048470.37,39001980.41,70437351.27,20478286.05,234307559.75,134896786.59,100.0,7.0
2024-10-01,2024-Q4,2024,4,YouTube,South America,125626524.4,41146706.76,34641,94.21,129539,84479817.64,67.25,71,80.31,23.34,205.31,3.05,969.8,-20.86,59,60.95,89983521.04,54844151.06,67048470.37,25834953.37,359934084.14,219376604.23,14.29,1.0
